1690 2918
586 166 920 212 Palmum.
1372 158 1459 212 'XV

132 293 334 338 Auctoris
381 310 610 354 parumper
651 296 837 341 imbutos
883 298 1195 341 remorantibus
1209 314 1229 353 ,·
1268 311 1324 340 ne
1340 300 1346 317 ·’
1369 311 1457 340 sus·

130 362 376 418 picarentur
413 366 615 423 quidem?
1192 409 1193 412 ,

166 441 169 443 ’
246 436 388 477 Detur
426 435 529 479 haec
569 438 713 490 venia,
745 439 889 495 licet,
922 438 1192 497 ¹Edit'oribus
1230 438 1336 490 illis,
1381 438 1457 494 qui

131 516 213 558 pro
253 505 416 545 viribus
456 505 638 563 ingenii,
679 521 763 562 pro
801 508 974 550 ratione
998 507 1258 561 studiorum,
1300 517 1343 550 et
1371 514 1455 564 pro

129 567 411 616 subsidiorum
453 577 593 631 copia,
640 576 804 628 sobrie,
846 586 890 618 et
929 586 1052 619 caute
1081 577 1133 624 ad
1162 577 1452 632 castigandum

95 641 109 655 “
128 644 353 686 Horatium
391 654 682 697 accesserunt,-
726 646 761 686 si
791 659 878 687 non
914 645 1156 701 perfectum
1185 646 1238 688 ad
1254 659 1454 702 unguem

129 714 416 757 obtinuerunt.
475 716 532 757 At
568 715 778 758 contineri
816 716 981 771 saepius
1009 715 1062 756 ab
1099 716 1163 757 ira
1205 715 1276 756 vix
1304 705 1452 768 potui,

126 786 367 839 audaciam,
414 787 714 842 licentiamque
767 793 832 826 tot
883 785 1110 834 Editorum
1163 784 1451 840 perspiciens,

127 856 202 912 qui
231 857 322 897 solo
350 857 457 897 male
486 850 586 897 sano
609 856 653 896 in
683 862 774 895 arte
804 853 949 895 critica
970 853 1167 909 ingenio,
1191 860 1453 892 non'manw

127 924 385 979 scriptorum
428 937 536 979 ope,
583 936 671 964 non
710 922 901 978 Linguae
938 924 1111 964 Latinae
1147 921 1325 977 peritia,
1364 928 1450 963 non

125 992 408 1058 monumentis
439 991 559 1043 fulti,
591 1000 663 1032 aut
693 991 909 1032 scribendi
941 993 1165 1046 cacoethe,
1186 991 1276 1034 'aut
1304 1000 1450 1035 umore

124 1060 342 1113 novitatis,
390 1068 463 1101 aut
509 1060 774 1101 mercimonii
823 1059 1006 1102 librarii
1033 1076 1200 1114 caussa,
1250 1063 1449 1104 Auctoris

125 1143 317 1182 sensum,
361 1139 404 1172 et
442 1130 572 1171 verba
602 1120 757 1186 susque
787 1129 928 1186 deque
956 1136 1229 1185 pervertunt.'
1285 1132 1359 1172 Ab
1382 1131 1448 1173 his

122 1187 358 1242 cavendum
389 1199 471 1241 fuit
506 1192 756 1240 laboriosius
765 1213 779 1252 ;
819 1205 1056 1256 eorumque
1094 1210 1331 1242 commenta
1362 1200 1447 1242 fre-

122 1272 320 1328 quentius
356 1268 662 1327 proculcanda,
707 1283 753 1309 ac
782 1268 1039 1313 detestanda.
1099 1271 1267 1310 Horum
1297 1270 1339 1309 in
1370 1285 1448 1311 nu·

118 1356 269 1394 mero,
300 1351 347 1383 ut
372 1341 512 1382 obiter
542 1348 735 1394 tangam,
766 1338 953 1392 primum
983 1337 1136 1378 habeat
1162 1338 1303 1380 locum
1333 1340 1446 1379 lere·-

118 1411 222 1451 mias
251 1409 519 1451 Marklandus
552 1412 622 1460 (ιι)
643 1438 655 1460 ,
687 1407 876 1448 omnium
917 1407 1162 1449 criticorum
1202 1408 1317 1449 iratis
1354 1411 1446 1450 Mu-

118 1478 174 1518 sis
227 1478 560 1520 infelicissimus:
613 1475 712 1518 inde
767 1476 988 1518 Gisbertus
1041 1478 1284 1520 Wakefield
1303 1510 1314 1530 ,
1369 1481 1443 1536 qui

119 1549 204 1589 suis
252 1548 523 1601 coniecturis·
554 1547 733 1601 ineptis,
794 1553 839 1586 et
886 1546 1136 1597 audacibus,
1189 1547 1442 1600 Horatium‘,

119 1617 348 1673 Virgilium
368 1646 381 1669 ,
442 1625 486 1657 et
545 1615 694 1670 Silium
740 1612 931 1656 Italicum
950 1645 963 1667 ,
1025 1615 1281 1658 nitidissimis
1333 1621 1442 1674 typis

118 1686 365 1741 impressos,
406 1680 716 1740 conspurcavit.
773 1684 842 1724 De
880 1684 1122 1726 Alexandro
1163 1685 1440 1744 Cuningamio

117 1757 221 1814 quid
270 1753 518 1813 proferam?
577 1754 631 1795 de
685 1753 865 1795 Editore
915 1753 1016 1805 illo,
1081 1768 1208 1810 quem
1267 1761 1439 1798 omnium

108 1829 347 1878 *doctissime
395 1829 450 1879 in.
481 1827 662 1866 Horatio
711 1821 956 1880 castigando
999 1838 1202 1866 versatum
1247 1839 1439 1871 asserunt

113 1895 221 1948 Iani,
257 1906 301 1939 et
329 1895 641 1948 Mitscherlich3
679 1888 839 1951 quique
866 1888 1007 1935 CCCC
1035 1894 1132 1949 plus
1161 1895 1265 1935 locis
1296 1900 1438 1939 emen-

114 1968 321 2011 datiorem
361 1982 477 2008 suam
514 1964 807 2007 recensionem
836 1964 1083 2005 Bentlciana
1117 1967 1315 2020 polliceri
1353 1979 1435 2007 non

112 2050 275 2080 vet-emt·
305 2034 426 2094 (1.)?
456 2030 669 2076 'oblitum
689 2033 824 2087 ipsum
845 2040 910 2074 tot
933 2033 1200 2090 regularum,
1231 2043 1295 2076 tot
1313 2048 1436 2091 prae-

182 2188 256 2234 (ι)
317 2190 361 2223 In
391 2187 561 2234 Epistola
595 2186 721 2220 crinea
754 2185 806 2219 ad
836 2184 1107 2220 err—‘udmzesimum
1141 2199 1259 2222 vlt-um
1295 2191 1347 2223 F1
1349 2203 1428 2224 am·

110 2249 308 2287 Hare,1n
330 2257 402 2294 qua
424 2245 561 2278 Horati
579 2245 660 2277 loca
683 2244 845 2291 ali,quot
876 2251 909 2276 et
943 2244 1094 2278 ahor-um
1130 2255 1279 2281 veterum
1318 2261 1430 2283 emen-

110 2304 258 2339 dantur.
317 2302 568 2346 cantabrigiae
606 2302 701 2347 typis
730 2299 949 2335 Academzcis
991 2303 1159 2345 1723.in
1180 2307 1216 2340 8.
1276 2307 1365 2341 Item
1393 2310 1428 2342 ῐη

108 2363 182 2397 alio
216 2365 346 2404 opere:
387 2360 429 2392 Ρ.
459 2359 603 2406 Papinii
639 2359 750 2391 Statzi
781 2358 960 2390 Silvarum
991 2358 1076 2392 libr-i
1106 2362 1260 2408 quinque
1294 2377 1336 2398 ex
1367 2377 1428 2402 vaf.

107 2422 211 2455 tuscis
223 2416 476 2465 exemplaribus
490 2416 663 2450 recensuit
672 2439 684 2456 ‚
707 2423 739 2447 et
753 2422 880 2455 notas,
905 2422 1010 2462 atque
1023 2416 1285 2454 emendationes
1297 2420 1425 2455 adiecit

106 2482 175 2516 Ier.
200 2475 450 2513 Mar-Mandas.
490 2473 647 2508 Londini
683 2474 780 2518 1728·
808 2473 903 2518 typis
927 2472 1105 2507 Guilielmi
1123 2474 1302 2522 Bowyer,
1326 2478 1362 2511 in
1388 2478 1422 2523 4.

177 2535 256 2581 (ι.)
306 2530 547 2570 Animadvers.
575 2532 614 2564 in
641 2530 757 2565 Bentl.
781 2541 859 2576 cap.
885 2541 917 2573 7.
1302 2560 1305 2566 ,
