1690 2918
272 122 328 166 64
559 149 561 153 ,
741 124 770 157 J.
799 123 839 154 G.
870 124 1095 157 Gnszvn

274 230 436 277 violaria,
460 239 622 279 myrteta,
646 233 797 271 rosaria.
846 243 890 272 12
923 238 1101 283 Auspiciis.
1115 237 1263 284 legibus,
1287 250 1377 286 quae
1390 240 1557 286 auspiciis

274 294 536 334 condebantur.
583 300 713 334 Norma
733 304 786 332 est
797 299 935 344 regula,
959 299 1126 346 adquam
1144 302 1363 346 prudentum
1375 303 1558 350 hominum

275 358 425 395 consilia
449 358 666 407 diriguntur(
719 367 774 402 13.
799 361 1060 405 Patrimonium
1078 372 1156 399 erat
1171 377 1334 411 parvum.
1385 376 1440 411 14·
1468 371 1559 405 com-

272 437 367 465 mune
389 437 555 469 magnum·
592 423 702 471 Resp.
731 431 809 459 crat
836 424 949 464 dives.
1010 426 1091 467 Cic.
1110 439 1195 473 -pro
1226 428 1358 471 Flacco
1385 440 1442 467 12.
1503 441 1560 477 14·

271 487 417 522 Nullam
439 486 618 522 habebant
640 487 826 533 porticum
850 489 1089 536 septentrioni
1120 491 1324 538 obversam,
1370 505 1439 540 qua
1473 501 1558 529 tem-

271 562 363 598 pore
387 549 524 586 aestivo
549 550 798 597 ambularent,
828 559 891 587 aut
914 560 1155 600 gestarentur.
1206 563 1260 599 15.
1282 567 1425 603 opacam.
1459 569 1558 593 aver-

273 625 347 648 sam
372 625 394 649 a
418 613 504 658 sole,
539 614 758 652 umbrosam.
809 624 860 660 17.
879 619 1080 661 fortuitum.
1103 629 1190 653 casu
1213 618 1383 654 oblatum.
1430 620 1470 655 In
1487 633 1557 657 ces-

270 677 360 724 pite,
398 677 461 725 qui
488 679 718 723 offerebatur,
749 680 976 715 recumbere.
1024 682 1094 715 Aut
1117 680 1238 726 potius
1264 693 1380 717 casam
1405 695 1447 719 ex
1464 683 1558 719 forte

272 741 400 778 oblatis
426 741 619 789 cespitibus
643 742 786 780 factam.
833 753 891 785 2ο,
927 758 1011 781 novo
1042 757 1141 790 saxo,
1185 755 1279 787 nove
1303 757 1367 781 seu
1390 754 1560 784 recenter
1580 755 1583 757 '

272 804 384 840 caesis
408 804 600 851 lapidibus.

339 875 411 913 Od.
437 885 471 920 2,
498 879 551 919 16,
579 885 612 914 1.
651 881 774 914 Otium.
816 883 858 911 ut
890 877 957 912 sibi
989 861 1098 913 liceat
1136 879 1253 914 otioso
1286 885 1322 913 et
1355 879 1557 926 tranquillo

269 938 407 977 vivere.
453 949 488 978 2.
513 939 784 986 Deprehensus,
819 938 939 975 subito
964 952 1033 977 nec
1057 941 1168 988 opino
1193 936 1386 988 oppressus
1421 953 1444 977 a
1472 948 1558 977 tem-

267 1010 418 1049 pestate.
444 1004 564 1039 Mela
588 1011 621 1048 3,
649 1014 680 1041 Ι.
730 1014 785 1041 11.
811 997 978 1051 Laqueata
1001 1013 1088 1041 tecta
1111 1011 1203 1044 sunt,
1230 1005 1374 1049 domus,
1417 1003 1457 1039 in
1480 1003 1558 1052 qui·

266 1067 334 1102 bus
358 1073 441 1102 sunt
464 1068 673 1114 laquearia,
708 1080 772 1103 seu
796 1067 985 1102 lacunaria
1009 1067 1110 1112 (vide
1135 1068 1237 1113 Serv.
1262 1068 1309 1103 ad
1333 1066 1436 1114 Virg.
1467 1068 1557 1105 Aen.

268 1139 300 1175 Ι,
325 1138 405 1175 730.
430 1138 468 1167 et
492 1130 637 1176 lexica).
684 1130 779 1166 Plin·
806 1138 861 1176 33,
887 1138 906 1173 3
934 1144 942 1165 :
987 1134 1192 1179 laquearia,
1232 1145 1313 1179 quae
1343 1145 1430 1168 nunc
1463 1139 1495 1168 et
1519 1134 1557 1178 iis

261 1199 410 1242 privatis
432 1198 577 1232 domibus
600 1209 677 1231 auro
702 1204 875 1241 teguntur,
906 1204 978 1243 post
1015 1198 1241 1240 Carthaginem
1274 1207 1420 1238 eversam
1451 1197 1557 1241 primo

262 1262 417 1295 inaurata
439 1268 514 1295 sunt
538 1263 574 1295 in
600 1263 770 1305 Capitolio.
818 1258 918 1305 Virg.
946 1268 977 1296 Ι.
1003 1260 1113 1293 Aen.:
1160 1260 1333 1305 dependent
1362 1261 1473 1305 lychni
1505 1260 1555 1300 lq-

263 1325 434 1369 quearihus
465 1325 582 1359 aureis.
654 1328 707 1362 13.
743 1323 897 1359 Vivitur.
933 1322 978 1356 ab
1012 1333 1077 1365 eo„
1122 1320 1182 1356 cui
1217 1327 1306 1366 etc.,
1343 1320 1406 1367 qui
1441 1321 1555 1367 supel-

260 1384 383 1420 lectile
407 1382 532 1431 parva,
558 1396 579 1418 a
602 1384 763 1430 patribus
787 1385 926 1429 relicta,
952 1391 1005 1419 est
1029 1390 1218 1420 contentus
1279 1383 1444 1419 Salinum
1474 1390 1553 1419 erat

262 1459 416 1494 sacrum,
450 1455 485 1484 et
508 1459 666 1483 mensam
697 1448 872 1485 sacrabat.
919 1442 1077 1482 Amoba
1122 1450 1239 1484 Sacras
1260 1449 1391 1492 facitis
1429 1458 1553 1508 mensas

260 1516 437 1550 salinorum
461 1516 604 1560 appositu
628 1521 660 1548 et
683 1515 868 1548 simulacris
891 1514 1033 1549 deorum.
1075 1509 1132 1547 Cf.
1159 1510 1232 1549 Sat.
1252 1519 1283 1554 Ι,
1300 1517 1332 1553 3,
1358 1519 1413 1555 14-
1454 1509 1555 1548 Pers.

261 1583 295 1621 3,
319 1585 367 1622 24
389 1588 488 1625 seqq.
539 1583 593 1619 15.
618 1579 732 1622 cupido
754 1578 910 1613 sordidus.
935 1572 1101 1610 avaritia.
1150 1580 1205 1617 17.
1222 1577 1423 1617 jaculamur.
1450 1573 1552 1620 quasi

259 1639 456 1684 jaculando
479 1627 694 1687 appetimus,
728 1639 972 1674 desideramus
1035 1649 1091 1677 20.
1119 1645 1149 1674 1.
1176 1636 1291 1683 Epist.
1319 1646 1396 1682 14.=

443 1722 488 1756 In
511 1715 604 1766 culpa
629 1726 675 1756 est
699 1724 845 1765 animus,
878 1722 937 1766 qui
958 1733 991 1756 se
1013 1726 1076 1754 non
1100 1715 1215 1764 effugit
1236 1732 1393 1766 unquam.

328 1809 388 1838 21.
414 1799 635 1835 Conscendit
659 1798 773 1845 turpis
799 1800 898 1834 Cura
924 1810 1033 1833 naves
1055 1799 1238 1845 rostratas.
1295 1806 1354 1843 25.
1379 1802 1424 1837 In
1456 1810 1551 1846 prae-

259 1877 340 1901 sens.
365 1862 404 1898 in
427 1862 646 1910 praesentia.
693 1869 750 1903 28.
776 1866 914 1900 beatum.
940 1861 1156 1909 perfectum.
1202 1870 1259 1904 30.
1297 1865 1429 1899 minuit.
1467 1853 1548 1897 con-

260 1926 343 1962 ficit.
391 1935 436 1970 32
472 1930 638 1974 Porriget.
663 1925 866 1985 praebebit
915 1926 972 1967 33.
998 1924 1081 1959 Sive
1104 1922 1248 1958 Siculus
1264 1923 1333 1959 fuit
1349 1915 1548 1974 Grosphus,
1574 1951 1576 1954 v

260 1989 334 2025 sive
358 1990 483 2025 habuit
506 1991 556 2027 ibi
579 1990 743 2038 praedia
802 1997 858 2034 34-
884 1993 948 2026 tibi
969 2007 1016 2014 -
1040 2002 1133 2036 equa·
1142 1986 1283 2022 habes
1308 1999 1437 2034 equos,
1473 1984 1548 2035 ‘qui-

249 2048 324 2088 bus
347 2053 460 2089 utaris
483 2053 522 2089 in
547 2054 640 2089 ludis
667 2052 909 2096 Circensibus,
945 2051 1008 2086 ubi
1034 2041 1218 2097 quadrigis
1243 2051 1463 2086 certabatur.
1487 2054 1549 2088 tol.

256 2120 300 2154 lis
321 2119 499 2162 hinnitum,
530 2125 572 2154 ut
594 2122 703 2156 tollere
727 2121 915 2161 clamorem,
950 2117 1163 2158 cachinnum,
1179 2113 1214 2151 h.
1242 2126 1272 2148 e.
1300 2114 1385 2171 edit.

326 2195 384 2232 35.
409 2195 540 2224 vestes
541 2191 655 2226 habes
678 2199 846 2238 purpura
870 2182 1060 2221 Gaetulica
1093 2183 1148 2219 bis
1180 2183 1332 2229 tinctas,
1370 2191 1465 2231 quae
1494 2174 1547 2221 di·

259 2251 439 2299 cebantur
461 2254 605 2300 dibaphi
654 2252 753 2297 (Vid.
780 2251 881 2288 Clav.
909 2249 987 2286 Cic.
1012 2242 1036 2283 h
1072 2249 1126 2294 v.)
1192 2254 1250 2289 38.
1289 2250 1454 2302 Spiritum
1485 2250 1546 2284 Ca-

258 2328 386 2352 moenae
405 2318 556 2353 Graecae.
580 2315 758 2351 rationem
781 2313 936 2350 canendi
954 2324 1101 2347 carmen
1113 2311 1160 2346 ad
1175 2305 1412 2346 imitationem
1432 2307 1543 2346 Grae-

259 2389 398 2413 corum
421 2388 562 2417 tenuem.
584 2378 767 2414 imbellem
789 2376 1037 2423 (imbecillum,
1069 2379 1188 2413 humile
1213 2378 1379 2420 ingenium
1404 2376 1544 2411 Graecae

257 2444 397 2488 Musae,
420 2449 462 2478 ut
484 2443 535 2479 ait
558 2442 642 2481 Seh.
668 2444 766 2488 Cn),
789 2445 875 2483 ,lnon
907 2446 1032 2486 aptum
1066 2439 1219 2474 heroum
1248 2437 1349 2472 sactis
1374 2442 1410 2471 et
1431 2435 1542 2470 rebus

257 2505 365 2551 gestis
390 2507 574 2545 canendis.
620 2506 677 2544 Cf.
702 2513 735 2551 3,
762 2513 818 2551 30,
844 2513 887 2542 10
912 2515 1027 2550 seqq.
1073 2510 1129 2547 39.
1162 2516 1224 2539 non
1260 2504 1410 2539 mendax.
1448 2510 1541 2558 quae

257 2579 332 2605 non
355 2569 467 2615 fallit,
501 2572 603 2616 qu'us
628 2570 776 2606 decreta
801 2574 902 2603 certa
927 2573 1020 2602 sunt.
1082 2557 1086 2559 ¹
1181 2555 1184 2558 ’
