1690 2918
239 178 367 213 xvm
785 172 826 209 C.
856 170 992 220 Fama

237 283 425 326 tuitionis
453 295 575 338 seges
595 280 828 335 laetissima
852 276 1170 334 comprobavit.
1212 265 1363 320 Novae
1386 278 1540 323 lectio..

237 371 315 398 nes
337 369 510 404 omnes,
560 356 914 409 insignioresque
943 364 1081 391 novae
1111 340 1459 406 explicationes,
1493 355 1544 396 ιη’

239 429 380 471 statim
406 443 430 468 a
450 427 634 469 curiosis
649 425 955 472 advertantur,
982 423 1008 453 *
1047 432 1221 464 notatae
1241 433 1352 465 sunt.
1395 426 1540 467 Vitam

240 501 413 543 Horatii
438 515 462 541 a
486 498 720 548 Svetonio‚
748 507 794 539 et
812 497 910 538 aliis
946 496 1264 551 conscriptam,
1307 499 1433 540 novis
1476 499 1540 540 le·
1556 521 1565 526 -

241 573 461 615 ctionibus
484 573 748 620 restitutam,
777 584 826 611 ac
842 567 1220 611 observationibus
1241 577 1424 620 auctam,
1441 580 1544 627 post

241 647 355 696 lani,
385 655 429 688 et
466 643 807 688 Mitscherlichii
839 656 990 692 curam,
1028 641 1101 682 hic
1138 642 1348 706 inserui„
1367 630 1542 685 Indices

244 719 421 761 demum
433 720 603 775 aliquot
624 716 877 758 Editionum
894 716 1130 764 rariorum,
1143 708 1394 765 Editorum,
1409 717 1540 757 Com-

238 799 551 840 mentatorum,
582 799 712 845 atque
745 788 1016 843 Scriptorum
1050 788 1268 836 omnium,
1307 798 1420 842 quos
1462 787 1540 828 ad·
1592 841 1602 848 μ

237 865 410 906 vocavi:
444 864 547 904 item
573 863 818 918 specimen,
849 859 969 915 quod
1002 873 1072 900 res
1094 860 1140 900 in
1160 859 1274 900 notis
1295 860 1536 916 exposita83

241 937 317 978 sed
343 936 581 993 praecipue
603 943 854 989 receptas‘a
891 946 962 972 me
999 932 1208 972 lectiones
1243 931 1341 971 fere
1389 945 1551 973 omnes⁴

183 1014 192 1018 “
244 1011 418 1051 sisteret
441 1018 591 1050 contra
617 1007 813 1048 reiectas.

361 1081 540 1147 Omnia,
572 1094 655 1134 qua
677 1078 800 1133 potui
824 1075 1077 1132 diligentia,
1106 1084 1278 1116 maturo
1326 1077 1541 1127 consilio,

240 1156 496 1208 intentoque
517 1151 744 1192 molimine
769 1158 992 1204 praestare
1019 1148 1196 1189 conatus
1215 1159 1333 1189 sum:
1365 1163 1454 1191 non
1488 1164 1538 1191 ea

241 1237 384 1268 tamen
403 1224 581 1267 fidentia
605 1236 778 1263 manum
803 1219 860 1261 de
881 1220 1050 1270 tabula,
1082 1230 1130 1262 ut
1150 1222 1296 1262 omnia
1318 1220 1433 1263 bene
1449 1236 1541 1263 ces-

242 1300 346 1340 sisse
374 1298 557 1353 gloriari
582 1295 741 1342 ausim3
771 1302 858 1347 autx
875 1308 945 1334 me
981 1294 1094 1335 nihil
1126 1295 1305 1335 omnino
1334 1294 1380 1335 in
1418 1303 1540 1335 textu

243 1373 339 1428 ipso
363 1367 684 1413 emendandum
709 1367 844 1416 mihi,
872 1374 946 1406 aut
968 1366 1067 1406 aliis
1086 1365 1331 1421 reliquisse.
1373 1367 1455 1408 His
1471 1367 1541 1407 in·

242 1445 373 1484 terim
387 1455 528 1497 aequo
550 1441 695 1481 animo
711 1449 836 1480 utere
851 1440 872 1488 5'
895 1438 1272 1494 benigneLector,
1294 1440 1330 1479 si
1350 1437 1539 1495 probas:

244 1517 310 1556 sin
331 1514 515 1555 meliora
536 1510 773 1566 aliquando
792 1513 924 1560 vires,
951 1512 1175 1566 animique
1195 1511 1440 1561 sufficiant,
1469 1520 1544 1552 aut
1595 1555 1598 1558 ,
1617 1519 1624 1532 ‘

240 1589 352 1628 Fors
377 1585 605 1631 obtulerit;
632 1583 786 1624 eadem
807 1593 968 1634 mente,
991 1583 1232 1639 plausuque
1260 1592 1536 1639 excepturus.

241 1657 474 1701 Horatium
493 1665 819 1713 prosequentur
832 1657 1009 1697 insimul
1021 1656 1211 1696 Catullus
1225 1657 1310 1713 (Q),
1325 1656 1541 1707 Tibullus,
1594 1664 1601 1673 ¹

241 1787 373 1830 luisse,
397 1794 438 1820 ut
463 1796 606 1819 sensum
630 1784 807 1831 optimum
829 1784 1044 1825 redderent3
1072 1783 1109 1817 in
1126 1785 1222 1819 hunc
1248 1796 1334 1819 vero
1355 1783 1536 1828 ordinem,

241 1845 271 1880 si
293 1844 364 1878 alio
402 1851 633 1889 praesumpto
670 1841 828 1876 deterior
858 1841 1008 1883 fuisset,
1044 1841 1094 1874 ita
1136 1841 1372 1876 nihilominus
1408 1853 1533 1876 omnes

243 1892 362 1936 statim
383 1899 590 1934 convenisse
611 1911 630 1933 a
662 1898 788 1945 primis
822 1899 950 1934 seculis
985 1898 1202 1943 Scriptores,
1242 1897 1390 1932 Horatii
1416 1897 1536 1932 admi·
1589 1935 1594 1940 ,

243 1967 380 1993 ratores
408 1967 560 1995 omnes3
590 1964 628 1989 et
651 1955 798 1990 alterius
818 1955 869 1991 ita
889 1954 1020 1997 oblitos
1044 1955 1089 1988 ad
1114 1955 1356 1999 miraculum,
1397 1963 1440 1988 ut
1466 1965 1535 1989 neo

243 2015 437 2061 vestigium
453 2013 491 2047 in
515 2012 641 2055 libris,
670 2021 732 2046 aut
761 2013 897 2053 mentio
934 2012 1008 2045 eius
1040 2011 1115 2045 ulla
1148 2012 1276 2047 nullibi
1303 2011 1529 2058 reperiatur,

242 2073 408 2115 Romae,
438 2070 584 2111 Uticae,
611 2069 773 2112 Ilerdae,
790 2069 916 2104 talibi?
949 2068 1079 2103 Credat
1097 2069 1224 2115 apella.

304 2125 372 2177 (Q)
399 2127 517 2162 Huius
533 2134 683 2173 poetae,
713 2134 752 2160 ut
770 2126 880 2172 primi
901 2139 945 2161 ex
965 2125 1042 2168 his,
1072 2133 1176 2172 atque
1197 2124 1359 2160 omnium
1381 2126 1528 2171 elegan-

242 2185 398 2228 tissimi,
426 2184 589 2218 dabimus
604 2183 663 2217 hie
681 2183 820 2229 aliquas.
837 2183 1016 2218 variantes
1038 2182 1210 2216 lectiones
1227 2182 1303 2229 pro'
1319 2181 1531 2228 specimine,

243 2243 452 2288 desumptas
477 2252 522 2274 ex
548 2234 705 2282 carmine
728 2241 865 2280 LXIII.
889 2240 933 2274 de
950 2238 1097 2284 Nuptiis
1129 2238 1230 2275 Pelei
1267 2247 1302 2273 et
1332 2238 1532 2278 Thetidon

242 2301 298 2336 10.
326 2297 480 2335 Antonii
500 2297 629 2342 Vulpii
649 2296 865 2335 lectionibus
894 2295 1090 2343 oppositis,
1122 2304 1156 2330 et
1180 2295 1261 2330 aliis
1286 2294 1408 2329 multis
1421 2294 1530 2329 etiam

240 2357 280 2392 in
296 2356 428 2390 eodem
445 2352 793 2388 carmine-omissis<
825 2353 966 2389 omissis
990 2351 1099 2386 etiam
1119 2353 1197 2387 aliis
1219 2352 1342 2396 notit,
1370 2341 1531 2388 et‘eom-

240 2413 426 2449 mentariis
441 2435 452 2454 ,
481 2422 573 2457 quae
594 2423 657 2446 suo
682 2411 784 2455 loco,
816 2419 852 2446 et
874 2420 1035 2463 tpmpore
1054 2409 1248 2447 dabuntur.

347 2471 514 2505 Nostrae.
935 2465 1077 2512 Vulpii.

233 2538 269 2567 v,
294 2534 356 2563 10.
387 2526 503 2560 Linea
520 2523 754 2570 coniungens.
811 2524 936 2559 Pinea.
961 2552 972 2557 -

283 2588 339 2620 18.
378 2580 576 2633 Umblixcum
600 2589 715 2617 tenus.
801 2580 1005 2617 Nutricum.
