1690 2918
193 503 542 549 PRAEFATIO
576 470 902 549 ED1T10NIS
937 489 1374 549 BODONIANAE.

412 615 540 661 los,
586 615 718 657 mc.
758 612 851 654 DE
888 611 1135 655 AZARA

634 723 922 760 LECTORI.

134 845 316 945 Quum
344 883 401 923 sit
422 882 518 939 ipse
540 883 807 939 Lyricorum
840 883 1064 938 princeps,
1091 882 1336 938 itidemque
1361 897 1437 924 ve-

130 985 316 1021 nerum,
347 982 392 1013 et
411 973 615 1028 leporum
641 971 837 1012 omnium
860 980 1013 1011 cantor
1037 971 1324 1022 FLACCVS,
1348 986 1440 1014 non

134 1061 234 1100 aliis
255 1059 587 1103 describeretur
606 1061 722 1117 typis
743 1060 1000 1115 oportebat,
1043 1073 1174 1117 quam
1210 1059 1438 1101 Bodonia-

134 1150 231 1200 nis,
262 1151 458 1191 omnium
485 1150 651 1190 scilicet
670 1147 985 1199 nobilissimis,
1015 1148 1059 1191 et
1083 1148 1386 1201 nitidissimis,
1413 1165 1439 1192 e

136 1238 299 1294 quibus
318 1241 406 1280 iam
425 1221 677 1296 profectum
699 1248 765 1280 est
785 1238 1005 1295 quidquid
1037 1239 1093 1280 ab
1131 1240 1226 1296 ipsa
1264 1227 1442 1282 tanflem

137 1337 231 1370 arte
256 1338 430 1385 poterat
451 1329 682 1385 postulari.
723 1329 856 1370 Cuius
882 1343 966 1385 ego
990 1329 1197 1381 artificis,
1244 1330 1375 1370 simul
1403 1337 1448 1370 et

139 1417 418 1460 eruditorum
439 1418 668 1461 hominum
693 1420 785 1475 (1),
817 1418 895 1474 qui
920 1432 1093 1459 mecum
1122 1433 1210 1459 una
1240 1418 1448 1460 volumen

139 1507 287 1561 ipsum
308 1509 589 1563 castigarent,
617 1506 834 1548 industria
854 1520 957 1548 usus
971 1534 985 1556 ‚
1017 1516 1062 1548 et
1081 1507 1299 1556 doctrina,
1329 1504 1444 1547 illud

142 1608 168 1634 a
191 1608 263 1635 me
286 1596 575 1637 Horatianum
598 1597 823 1651 exemplar
855 1605 1025 1638 exstare
1050 1597 1192 1647 volui,
1221 1596 1343 1653 quod
1365 1596 1452 1638 Ita-

124 1684 237 1724 ¹‚licis
255 1685 437 1740 praelis,
483 1685 819 1727 etbibliothecis
836 1685 1053 1727 univ'ersis
1077 1685 1451 1728 commendationi

147 1780 285 1822 esset,
315 1782 360 1814 et
385 1784 657 1821 ornamento.
712 1776 803 1816 Iam
827 1790 935 1816 vero
975 1790 1032 1817 ne
1068 1774 1178 1832 quid
1209 1776 1352 1817 statim
1380 1789 1455 1817 oc-

147 1871 375 1912 curreret,
407 1862 528 1918 quod
549 1878 574 1904 a
607 1863 773 1905 mundo
803 1866 1106 1922 simplicique,
1155 1880 1289 1922 quem
1331 1867 1457 1908 volu-

146 1965 271 2000 mus,
301 1952 420 1993 cultu
442 1952 634 1993 alienum
653 1953 913 2004 videretur;
952 1956 1106 2005 statui,
1156 1965 1366 2012 quantum
1392 1966 1458 1999 est

151 2041 529 2097 pmlegomenon,
559 2041 854 2094 scholiorum,
885 2053 931 2086 et
962 2046 1185 2087 variarum
1214 2047 1456 2091 lectionum

149 2128 205 2169 ab
224 2129 310 2171 hoc
332 2131 555 2174 volumine
576 2133 849 2188 prohibere:
887 2134 1025 2176 immo
1040 2162 1056 2185 ‚
1097 2136 1135 2176 si
1166 2135 1348 2177 nomina
1374 2135 1455 2179 de-

151 2233 244 2258 mas
264 2220 487 2271 Deorum,
515 2223 587 2263 vel
596 2221 854 2273 hominum,
883 2238 997 2279 quae
1015 2223 1102 2264 sibi
1125 2221 1285 2280 poema
1308 2224 1455 2280 quod·

153 2323 241 2363 que
261 2309 546 2364 praescribit,
575 2325 633 2353 ne
650 2321 909 2367 argumenta
930 2311 1111 2369 quidem
1131 2312 1284 2355 adesse
1305 2326 1458 2370 passus

108 2399 111 2401 ’
154 2410 276 2447 sum;
308 2399 434 2453 queis
462 2401 545 2441 etsi
579 2401 813 2456 antiquitas
838 2400 1055 2458 quaedam
1087 2379 1462 2452 sitinunimento,

216 2525 283 2575 (1)
305 2530 454 2584 'Ennius
473 2528 647 2574 Quirinus
672 2529 836 2566 Visconti
870 2533 1082 2579 Romanus,
1116 2533 1264 2571 Carolus
1293 2533 1365 2568 Fea
1390 2530 1460 2567 Ni-

159 2586 270 2620 censis
285 2611 297 2629 ‚
329 2586 531 2634 Stephanus
554 2587 711 2635 Arteaga
727 2589 972 2628 ‘Matritensiffl
