<?xml version="1.0" encoding="UTF-8"?>
<!DOCTYPE html PUBLIC "-//W3C//DTD XHTML 1.0 Transitional//EN"
    "http://www.w3.org/TR/xhtml1/DTD/xhtml1-transitional.dtd">
<html xmlns="http://www.w3.org/1999/xhtml" xml:lang="en" lang="en">
 <head>
  <title>
</title>
<meta http-equiv="Content-Type" content="text/html;charset=utf-8" />
  <meta name='ocr-system' content='tesseract 3.04.00' />
  <meta name='ocr-capabilities' content='ocr_page ocr_carea ocr_par ocr_line ocrx_word'/>
</head>
<body>
  <div class='ocr_page' id='page_1' title='image "./operahorat01horauoft_0428.png"; bbox 0 0 1690 2918; ppageno 0'>
   <div class='ocr_carea' id='block_1_1' title="bbox 268 126 1091 194">
    <p class='ocr_par' dir='ltr' id='par_1_1' title="bbox 268 126 1091 194">
     <span class='ocr_line' id='line_1_1' title="bbox 268 126 1091 194; baseline 0 -16"><span class='ocrx_word' id='word_1_1' title='bbox 268 151 324 194; x_wconf 75' lang='lat'><strong>50</strong></span> <span class='ocrx_word' id='word_1_2' title='bbox 726 148 756 182; x_wconf 81' lang='lat' dir='ltr'><strong>J.</strong></span> <span class='ocrx_word' id='word_1_3' title='bbox 787 147 827 177; x_wconf 74' lang='lat' dir='ltr'><strong>o.</strong></span> <span class='ocrx_word' id='word_1_4' title='bbox 859 126 1091 179; x_wconf 70' lang='lat' dir='ltr'><strong>ex&#39;Anvn</strong></span> 
     </span>
    </p>
   </div>
   <div class='ocr_carea' id='block_1_2' title="bbox 269 254 1548 313">
    <p class='ocr_par' dir='ltr' id='par_1_2' title="bbox 269 254 1548 313">
     <span class='ocr_line' id='line_1_2' title="bbox 269 254 1548 313; baseline -0.005 -17"><span class='ocrx_word' id='word_1_5' title='bbox 269 262 452 295; x_wconf 81' lang='lat' dir='ltr'><strong>testimonio</strong></span> <span class='ocrx_word' id='word_1_6' title='bbox 477 263 544 291; x_wconf 79' lang='lat' dir='ltr'><strong>etc·</strong></span> <span class='ocrx_word' id='word_1_7' title='bbox 579 256 612 291; x_wconf 89' lang='lat' dir='ltr'><strong>h·</strong></span> <span class='ocrx_word' id='word_1_8' title='bbox 639 267 669 291; x_wconf 80' lang='lat' dir='ltr'><strong>e·</strong></span> <span class='ocrx_word' id='word_1_9' title='bbox 702 256 851 295; x_wconf 76' lang='lat' dir='ltr'><strong>brevior</strong></span> <span class='ocrx_word' id='word_1_10' title='bbox 883 257 946 294; x_wconf 73' lang='lat' dir='ltr'><strong>fui.</strong></span> <span class='ocrx_word' id='word_1_11' title='bbox 995 255 1122 293; x_wconf 82' lang='lat' dir='ltr'><strong>Ovid.:</strong></span> <span class='ocrx_word' id='word_1_12' title='bbox 1167 258 1390 313; x_wconf 59' lang='lat' dir='ltr'><strong>Isropositique</strong></span> <span class='ocrx_word' id='word_1_13' title='bbox 1429 254 1548 291; x_wconf 67' lang='lat' dir='ltr'><strong>memor</strong></span> 
     </span>
    </p>
   </div>
   <div class='ocr_carea' id='block_1_3' title="bbox 270 324 1548 422">
    <p class='ocr_par' dir='ltr' id='par_1_3' title="bbox 270 324 1548 422">
     <span class='ocr_line' id='line_1_3' title="bbox 270 324 1522 359; baseline -0.007 -1"><span class='ocrx_word' id='word_1_14' title='bbox 270 324 520 359; x_wconf 73' lang='lat' dir='ltr'><strong>contrahe-vela</strong></span> <span class='ocrx_word' id='word_1_15' title='bbox 544 324 605 356; x_wconf 81' lang='lat' dir='ltr'><strong>tui.</strong></span> <span class='ocrx_word' id='word_1_16' title='bbox 1135 351 1138 353; x_wconf 85' lang='grc'><em>,</em></span> <span class='ocrx_word' id='word_1_17' title='bbox 1519 351 1522 354; x_wconf 61' lang='grc'>,</span> 
     </span>
     <span class='ocr_line' id='line_1_4' title="bbox 339 371 1548 422; baseline -0.006 -10"><span class='ocrx_word' id='word_1_18' title='bbox 339 376 407 412; x_wconf 84' lang='lat' dir='ltr'><strong>od.</strong></span> <span class='ocrx_word' id='word_1_19' title='bbox 433 387 466 420; x_wconf 85' lang='lat'><strong>2,</strong></span> <span class='ocrx_word' id='word_1_20' title='bbox 495 386 547 420; x_wconf 83' lang='lat'><strong>11,</strong></span> <span class='ocrx_word' id='word_1_21' title='bbox 578 385 606 411; x_wconf 92' lang='lat'><strong>1.</strong></span> <span class='ocrx_word' id='word_1_22' title='bbox 642 375 714 409; x_wconf 88' lang='lat' dir='ltr'><strong>Per</strong></span> <span class='ocrx_word' id='word_1_23' title='bbox 738 374 887 421; x_wconf 76' lang='lat' dir='ltr'><strong>Scythas</strong></span> <span class='ocrx_word' id='word_1_24' title='bbox 911 374 971 409; x_wconf 85' lang='lat' dir='ltr'><strong>hie</strong></span> <span class='ocrx_word' id='word_1_25' title='bbox 995 374 1164 422; x_wconf 77' lang='lat' dir='ltr'><strong>intelligit</strong></span> <span class='ocrx_word' id='word_1_26' title='bbox 1187 373 1327 420; x_wconf 81' lang='lat' dir='ltr'><strong>Illyrios</strong></span> <span class='ocrx_word' id='word_1_27' title='bbox 1353 378 1389 407; x_wconf 88' lang='lat' dir='ltr'><strong>et</strong></span> <span class='ocrx_word' id='word_1_28' title='bbox 1406 371 1548 406; x_wconf 80' lang='lat' dir='ltr'><strong>Dalma-</strong></span> 
     </span>
    </p>
   </div>
   <div class='ocr_carea' id='block_1_4' title="bbox 266 436 1553 929">
    <p class='ocr_par' dir='ltr' id='par_1_4' title="bbox 270 436 1547 549">
     <span class='ocr_line' id='line_1_5' title="bbox 270 436 1547 487; baseline -0.005 -12"><span class='ocrx_word' id='word_1_29' title='bbox 270 448 342 486; x_wconf 83' lang='lat' dir='ltr'><strong>tas,</strong></span> <span class='ocrx_word' id='word_1_30' title='bbox 374 440 435 487; x_wconf 88' lang='lat' dir='ltr'><strong>qui</strong></span> <span class='ocrx_word' id='word_1_31' title='bbox 459 440 502 474; x_wconf 86' lang='lat' dir='ltr'><strong>ab</strong></span> <span class='ocrx_word' id='word_1_32' title='bbox 527 438 620 473; x_wconf 81' lang='lat' dir='ltr'><strong>Italis</strong></span> <span class='ocrx_word' id='word_1_33' title='bbox 654 444 868 485; x_wconf 75' lang='lat' dir='ltr'><strong>separantur</strong></span> <span class='ocrx_word' id='word_1_34' title='bbox 897 437 987 473; x_wconf 89' lang='lat' dir='ltr'><strong>mari</strong></span> <span class='ocrx_word' id='word_1_35' title='bbox 1022 436 1243 472; x_wconf 80' lang='lat' dir='ltr'><strong>Hadriatico.</strong></span> <span class='ocrx_word' id='word_1_36' title='bbox 1291 436 1395 471; x_wconf 84' lang='lat' dir='ltr'>Unde</span> <span class='ocrx_word' id='word_1_37' title='bbox 1429 440 1547 481; x_wconf 81' lang='lat' dir='ltr'><strong>patet,</strong></span> 
     </span>
     <span class='ocr_line' id='line_1_6' title="bbox 271 498 1547 549; baseline -0.005 -10"><span class='ocrx_word' id='word_1_38' title='bbox 271 500 394 539; x_wconf 76' lang='lat' dir='ltr'><strong>omnes</strong></span> <span class='ocrx_word' id='word_1_39' title='bbox 416 502 714 549; x_wconf 74' lang='lat' dir='ltr'><strong>septentrionales</strong></span> <span class='ocrx_word' id='word_1_40' title='bbox 738 503 893 549; x_wconf 90' lang='lat' dir='ltr'><strong>populos</strong></span> <span class='ocrx_word' id='word_1_41' title='bbox 927 501 1040 536; x_wconf 85' lang='lat' dir='ltr'><strong>dictos</strong></span> <span class='ocrx_word' id='word_1_42' title='bbox 1075 510 1149 535; x_wconf 84' lang='lat' dir='ltr'><strong>esse</strong></span> <span class='ocrx_word' id='word_1_43' title='bbox 1183 498 1547 544; x_wconf 78' lang='lat' dir='ltr'><strong>Romanis&#39;Scythas.</strong></span> 
     </span>
    </p>

    <p class='ocr_par' dir='ltr' id='par_1_5' title="bbox 266 562 1553 929">
     <span class='ocr_line' id='line_1_7' title="bbox 337 562 1550 614; baseline -0.005 -10"><span class='ocrx_word' id='word_1_44' title='bbox 337 576 370 604; x_wconf 89' lang='lat'><strong>2.</strong></span> <span class='ocrx_word' id='word_1_45' title='bbox 395 570 525 612; x_wconf 85' lang='lat' dir='ltr'><em>cogitet.</em></span> <span class='ocrx_word' id='word_1_46' title='bbox 552 572 679 600; x_wconf 87' lang='lat' dir='ltr'><strong>contra</strong></span> <span class='ocrx_word' id='word_1_47' title='bbox 702 577 769 614; x_wconf 70' lang='lat' dir='ltr'><strong>nos</strong></span> <span class='ocrx_word' id='word_1_48' title='bbox 791 566 968 600; x_wconf 86' lang='lat' dir='ltr'><strong>moliatur.</strong></span> <span class='ocrx_word' id='word_1_49' title='bbox 1016 571 1048 607; x_wconf 87' lang='grc'><strong>3.</strong></span> <span class='ocrx_word' id='word_1_50' title='bbox 1068 568 1226 601; x_wconf 84' lang='lat' dir='ltr'><strong>remittas.</strong></span> <span class='ocrx_word' id='word_1_51' title='bbox 1244 562 1373 598; x_wconf 83' lang='lat' dir='ltr'><strong>mittas.</strong></span> <span class='ocrx_word' id='word_1_52' title='bbox 1421 571 1454 607; x_wconf 84' lang='grc'><strong>4.</strong></span> <span class='ocrx_word' id='word_1_53' title='bbox 1472 564 1550 603; x_wconf 77' lang='lat' dir='ltr'><strong>Tre-</strong></span> 
     </span>
     <span class='ocr_line' id='line_1_8' title="bbox 266 623 1549 676; baseline -0.007 -9"><span class='ocrx_word' id='word_1_54' title='bbox 266 632 378 676; x_wconf 77' lang='lat' dir='ltr'><strong>pidare</strong></span> <span class='ocrx_word' id='word_1_55' title='bbox 402 635 454 663; x_wconf 84' lang='lat' dir='ltr'><strong>est</strong></span> <span class='ocrx_word' id='word_1_56' title='bbox 477 640 630 674; x_wconf 85' lang='lat' dir='ltr'><strong>pavere,</strong></span> <span class='ocrx_word' id='word_1_57' title='bbox 668 635 768 663; x_wconf 83' lang='lat' dir='ltr'><strong>metu</strong></span> <span class='ocrx_word' id='word_1_58' title='bbox 793 629 959 674; x_wconf 81' lang='lat' dir='ltr'><strong>concuti,</strong></span> <span class='ocrx_word' id='word_1_59' title='bbox 999 628 1162 663; x_wconf 89' lang='lat' dir='ltr'><strong>horrere.</strong></span> <span class='ocrx_word' id='word_1_60' title='bbox 1210 626 1264 661; x_wconf 87' lang='lat' dir='ltr'><strong>Ne</strong></span> <span class='ocrx_word' id='word_1_61' title='bbox 1285 624 1381 660; x_wconf 80' lang='lat' dir='ltr'><strong>euris</strong></span> <span class='ocrx_word' id='word_1_62' title='bbox 1395 623 1549 671; x_wconf 80' lang='lat' dir='ltr'><strong>angaris,</strong></span> 
     </span>
     <span class='ocr_line' id='line_1_9' title="bbox 269 689 1548 738; baseline -0.005 -11"><span class='ocrx_word' id='word_1_63' title='bbox 269 693 366 727; x_wconf 89' lang='lat' dir='ltr'><strong>unde</strong></span> <span class='ocrx_word' id='word_1_64' title='bbox 410 692 539 726; x_wconf 86' lang='lat' dir='ltr'><strong>habeas</strong></span> <span class='ocrx_word' id='word_1_65' title='bbox 573 691 611 726; x_wconf 87' lang='lat' dir='ltr'><strong>in</strong></span> <span class='ocrx_word' id='word_1_66' title='bbox 650 699 804 727; x_wconf 85' lang='lat' dir='ltr'><strong>sumtum</strong></span> <span class='ocrx_word' id='word_1_67' title='bbox 837 691 953 736; x_wconf 83' lang='lat' dir='ltr'><strong>vitae,</strong></span> <span class='ocrx_word' id='word_1_68' title='bbox 999 703 1091 738; x_wconf 90' lang='lat' dir='ltr'><strong>quae</strong></span> <span class='ocrx_word' id='word_1_69' title='bbox 1124 689 1248 738; x_wconf 86' lang='lat' dir='ltr'><strong>paucis</strong></span> <span class='ocrx_word' id='word_1_70' title='bbox 1284 693 1452 724; x_wconf 84' lang='lat' dir='ltr'><strong>contenta</strong></span> <span class='ocrx_word' id='word_1_71' title='bbox 1486 693 1548 723; x_wconf 80' lang='lat' dir='ltr'><strong>est.</strong></span> 
     </span>
     <span class='ocr_line' id='line_1_10' title="bbox 271 754 1550 803; baseline -0.005 -9"><span class='ocrx_word' id='word_1_72' title='bbox 271 757 348 792; x_wconf 82' lang='lat' dir='ltr'><strong>Cic·</strong></span> <span class='ocrx_word' id='word_1_73' title='bbox 378 765 430 793; x_wconf 86' lang='lat'><strong>11.</strong></span> <span class='ocrx_word' id='word_1_74' title='bbox 456 755 502 790; x_wconf 87' lang='lat' dir='ltr'><strong>ad</strong></span> <span class='ocrx_word' id='word_1_75' title='bbox 525 757 594 790; x_wconf 79' lang='lat' dir='ltr'><strong>Att.</strong></span> <span class='ocrx_word' id='word_1_76' title='bbox 625 765 697 792; x_wconf 89' lang='lat'><strong>11.:</strong></span> <span class='ocrx_word' id='word_1_77' title='bbox 745 759 789 793; x_wconf 74' lang='lat' dir='ltr'><strong>Id</strong></span> <span class='ocrx_word' id='word_1_78' title='bbox 811 770 932 803; x_wconf 75' lang='lat' dir='ltr'><strong>quoque</strong></span> <span class='ocrx_word' id='word_1_79' title='bbox 955 759 1058 792; x_wconf 84' lang='lat' dir='ltr'><strong>velim</strong></span> <span class='ocrx_word' id='word_1_80' title='bbox 1083 769 1155 790; x_wconf 81' lang='lat' dir='ltr'><strong>cum</strong></span> <span class='ocrx_word' id='word_1_81' title='bbox 1180 756 1236 789; x_wconf 85' lang='lat' dir='ltr'><strong>illa</strong></span> <span class='ocrx_word' id='word_1_82' title='bbox 1260 754 1398 797; x_wconf 81' lang='lat' dir='ltr'><strong>videas,</strong></span> <span class='ocrx_word' id='word_1_83' title='bbox 1432 759 1471 788; x_wconf 84' lang='lat' dir='ltr'><strong>ut</strong></span> <span class='ocrx_word' id='word_1_84' title='bbox 1493 754 1550 795; x_wconf 84' lang='lat' dir='ltr'><strong>sit,</strong></span> 
     </span>
     <span class='ocr_line' id='line_1_11' title="bbox 268 813 1553 867; baseline -0.006 -11"><span class='ocrx_word' id='word_1_85' title='bbox 268 825 325 867; x_wconf 76' lang='lat' dir='ltr'><strong>qui</strong></span> <span class='ocrx_word' id='word_1_86' title='bbox 349 828 501 863; x_wconf 79' lang='lat' dir='ltr'><strong>utamur,</strong></span> <span class='ocrx_word' id='word_1_87' title='bbox 533 818 567 852; x_wconf 90' lang='lat' dir='ltr'><strong>h.</strong></span> <span class='ocrx_word' id='word_1_88' title='bbox 595 831 625 852; x_wconf 89' lang='lat' dir='ltr'><strong>e.</strong></span> <span class='ocrx_word' id='word_1_89' title='bbox 650 819 748 854; x_wconf 88' lang='lat' dir='ltr'><strong>unde</strong></span> <span class='ocrx_word' id='word_1_90' title='bbox 773 825 906 853; x_wconf 90' lang='lat' dir='ltr'><strong>sumtus</strong></span> <span class='ocrx_word' id='word_1_91' title='bbox 931 817 1177 853; x_wconf 80' lang='lat' dir='ltr'><strong>sustineamus.</strong></span> <span class='ocrx_word' id='word_1_92' title='bbox 1227 816 1370 851; x_wconf 81' lang='lat' dir='ltr'><strong>Paullus</strong></span> <span class='ocrx_word' id='word_1_93' title='bbox 1404 815 1450 850; x_wconf 86' lang='lat' dir='ltr'><strong>ad</strong></span> <span class='ocrx_word' id='word_1_94' title='bbox 1474 813 1553 849; x_wconf 84' lang='lat' dir='ltr'><strong>Phi-</strong></span> 
     </span>
     <span class='ocr_line' id='line_1_12' title="bbox 267 881 1551 929; baseline -0.002 -11"><span class='ocrx_word' id='word_1_95' title='bbox 267 882 356 929; x_wconf 88' lang='lat' dir='ltr'><strong>lipp.</strong></span> <span class='ocrx_word' id='word_1_96' title='bbox 383 892 415 926; x_wconf 76' lang='lat'><strong>4,</strong></span> <span class='ocrx_word' id='word_1_97' title='bbox 445 884 497 919; x_wconf 91' lang='lat'><strong>16.</strong></span> <span class='ocrx_word' id='word_1_98' title='bbox 523 882 721 916; x_wconf 87' lang='lat' dir='ltr'><strong>secundum</strong></span> <span class='ocrx_word' id='word_1_99' title='bbox 745 882 882 928; x_wconf 85' lang='lat' dir='ltr'><strong>antiqu.</strong></span> <span class='ocrx_word' id='word_1_100' title='bbox 908 881 1064 927; x_wconf 78' lang='lat' dir='ltr'><strong>interp.t</strong></span> <span class='ocrx_word' id='word_1_101' title='bbox 1113 883 1218 917; x_wconf 82' lang='lat' dir='ltr'><strong>Semel</strong></span> <span class='ocrx_word' id='word_1_102' title='bbox 1250 889 1282 916; x_wconf 77' lang='lat' dir='ltr'><strong>et</strong></span> <span class='ocrx_word' id='word_1_103' title='bbox 1313 884 1362 917; x_wconf 79' lang='lat' dir='ltr'><strong>bis</strong></span> <span class='ocrx_word' id='word_1_104' title='bbox 1393 884 1428 917; x_wconf 85' lang='lat' dir='ltr'><strong>in</strong></span> <span class='ocrx_word' id='word_1_105' title='bbox 1459 891 1551 916; x_wconf 62' lang='lat' dir='ltr'><strong>uxum</strong></span> 
     </span>
    </p>
   </div>
   <div class='ocr_carea' id='block_1_5' title="bbox 267 945 1615 992">
    <p class='ocr_par' dir='ltr' id='par_1_6' title="bbox 267 945 1615 992">
     <span class='ocr_line' id='line_1_13' title="bbox 267 945 1615 992; baseline -0.003 -10"><span class='ocrx_word' id='word_1_106' title='bbox 267 950 352 983; x_wconf 81' lang='lat' dir='ltr'><strong>mihi</strong></span> <span class='ocrx_word' id='word_1_107' title='bbox 376 949 522 983; x_wconf 83' lang='lat' dir='ltr'><strong>misistis.</strong></span> <span class='ocrx_word' id='word_1_108' title='bbox 571 946 644 979; x_wconf 88' lang='lat' dir='ltr'><strong>Pro</strong></span> <span class='ocrx_word' id='word_1_109' title='bbox 668 957 743 992; x_wconf 72' lang='lat' dir='ltr'><strong>(suo</strong></span> <span class='ocrx_word' id='word_1_110' title='bbox 759 946 928 980; x_wconf 86' lang='lat' dir='ltr'><strong>Erasmus</strong></span> <span class='ocrx_word' id='word_1_111' title='bbox 952 945 1077 990; x_wconf 83' lang='lat' dir='ltr'><strong>pejus:</strong></span> <span class='ocrx_word' id='word_1_112' title='bbox 1112 947 1194 991; x_wconf 79' lang='lat' dir='ltr'><strong>quod</strong></span> <span class='ocrx_word' id='word_1_113' title='bbox 1217 955 1291 991; x_wconf 84' lang='lat' dir='ltr'><strong>opus</strong></span> <span class='ocrx_word' id='word_1_114' title='bbox 1314 952 1394 980; x_wconf 84' lang='lat' dir='ltr'><strong>erat.</strong></span> <span class='ocrx_word' id='word_1_115' title='bbox 1431 950 1476 987; x_wconf 67' lang='lat'><strong>⁴5.</strong></span> <span class='ocrx_word' id='word_1_116' title='bbox 1489 946 1553 989; x_wconf 87' lang='lat' dir='ltr'><strong>fu·</strong></span> <span class='ocrx_word' id='word_1_117' title='bbox 1613 959 1615 962; x_wconf 56' lang='lat'><strong><em>¹</em></strong></span> 
     </span>
    </p>
   </div>
   <div class='ocr_carea' id='block_1_6' title="bbox 226 1005 1555 1118">
    <p class='ocr_par' dir='ltr' id='par_1_7' title="bbox 226 1005 1555 1118">
     <span class='ocr_line' id='line_1_14' title="bbox 226 1005 1555 1059; baseline -0.005 -12"><span class='ocrx_word' id='word_1_118' title='bbox 226 1054 231 1059; x_wconf 49' lang='lat'><strong>,</strong></span> <span class='ocrx_word' id='word_1_119' title='bbox 266 1014 320 1056; x_wconf 81' lang='lat' dir='ltr'><strong>git</strong></span> <span class='ocrx_word' id='word_1_120' title='bbox 342 1019 438 1046; x_wconf 85' lang='lat' dir='ltr'><strong>retro.</strong></span> <span class='ocrx_word' id='word_1_121' title='bbox 467 1008 636 1044; x_wconf 82' lang='lat' dir='ltr'><strong>celeriter</strong></span> <span class='ocrx_word' id='word_1_122' title='bbox 659 1008 847 1056; x_wconf 82' lang='lat' dir='ltr'><strong>praeterit.</strong></span> <span class='ocrx_word' id='word_1_123' title='bbox 897 1011 929 1045; x_wconf 89' lang='lat'><strong>6.</strong></span> <span class='ocrx_word' id='word_1_124' title='bbox 955 1010 1048 1044; x_wconf 72' lang='lat' dir='ltr'><strong>arida</strong></span> <span class='ocrx_word' id='word_1_125' title='bbox 1072 1011 1204 1044; x_wconf 81' lang='lat' dir='ltr'><strong>canitie.</strong></span> <span class='ocrx_word' id='word_1_126' title='bbox 1238 1013 1423 1043; x_wconf 81' lang='lat' dir='ltr'><strong>senectute</strong></span> <span class='ocrx_word' id='word_1_127' title='bbox 1457 1005 1555 1042; x_wconf 70' lang='lat' dir='ltr'><strong>sicca</strong></span> 
     </span>
     <span class='ocr_line' id='line_1_15' title="bbox 269 1069 1554 1118; baseline -0.002 -11"><span class='ocrx_word' id='word_1_128' title='bbox 269 1079 304 1107; x_wconf 85' lang='lat' dir='ltr'><strong>et</strong></span> <span class='ocrx_word' id='word_1_129' title='bbox 329 1069 529 1107; x_wconf 80' lang='lat' dir='ltr'><strong>macilenta.</strong></span> <span class='ocrx_word' id='word_1_130' title='bbox 581 1081 640 1110; x_wconf 70' lang='lat'><strong>10.</strong></span> <span class='ocrx_word' id='word_1_131' title='bbox 661 1076 774 1109; x_wconf 84' lang='lat' dir='ltr'><strong>rubens</strong></span> <span class='ocrx_word' id='word_1_132' title='bbox 800 1071 860 1107; x_wconf 82' lang='lat' dir='ltr'><strong>hic</strong></span> <span class='ocrx_word' id='word_1_133' title='bbox 877 1078 930 1117; x_wconf 83' lang='lat' dir='ltr'><strong>est</strong></span> <span class='ocrx_word' id='word_1_134' title='bbox 947 1070 1146 1118; x_wconf 24' lang='lat' dir='ltr'><strong>splen-dida,</strong></span> <span class='ocrx_word' id='word_1_135' title='bbox 1172 1071 1336 1118; x_wconf 87' lang='lat' dir='ltr'><strong>pulchra.</strong></span> <span class='ocrx_word' id='word_1_136' title='bbox 1384 1069 1554 1116; x_wconf 79' lang='lat' dir='ltr'><strong>Alioquin</strong></span> 
     </span>
    </p>
   </div>
   <div class='ocr_carea' id='block_1_7' title="bbox 265 1135 1614 1182">
    <p class='ocr_par' dir='ltr' id='par_1_8' title="bbox 265 1135 1614 1182">
     <span class='ocr_line' id='line_1_16' title="bbox 265 1135 1614 1182; baseline -0.001 -10"><span class='ocrx_word' id='word_1_137' title='bbox 265 1140 364 1173; x_wconf 79' lang='lat' dir='ltr'><strong>rubor</strong></span> <span class='ocrx_word' id='word_1_138' title='bbox 387 1140 481 1173; x_wconf 83' lang='lat' dir='ltr'><strong>lunae</strong></span> <span class='ocrx_word' id='word_1_139' title='bbox 505 1143 557 1171; x_wconf 86' lang='lat' dir='ltr'><strong>est</strong></span> <span class='ocrx_word' id='word_1_140' title='bbox 580 1136 721 1182; x_wconf 84' lang='lat' dir='ltr'><strong>signum</strong></span> <span class='ocrx_word' id='word_1_141' title='bbox 745 1135 855 1171; x_wconf 87' lang='lat' dir='ltr'><strong>venti.</strong></span> <span class='ocrx_word' id='word_1_142' title='bbox 903 1135 1023 1182; x_wconf 84' lang='lat' dir='ltr'><strong>Virg.:</strong></span> <span class='ocrx_word' id='word_1_143' title='bbox 1057 1145 1158 1172; x_wconf 81' lang='lat' dir='ltr'><strong>vento</strong></span> <span class='ocrx_word' id='word_1_144' title='bbox 1188 1147 1307 1182; x_wconf 82' lang='lat' dir='ltr'><strong>semper</strong></span> <span class='ocrx_word' id='word_1_145' title='bbox 1342 1138 1434 1172; x_wconf 80' lang='lat' dir='ltr'><strong>rubet</strong></span> <span class='ocrx_word' id='word_1_146' title='bbox 1456 1147 1554 1171; x_wconf 82' lang='lat' dir='ltr'><strong>aurea</strong></span> <span class='ocrx_word' id='word_1_147' title='bbox 1610 1135 1614 1138; x_wconf 64' lang='grc'><em>’</em></span> 
     </span>
    </p>
   </div>
   <div class='ocr_carea' id='block_1_8' title="bbox 267 1198 1561 1436">
    <p class='ocr_par' dir='ltr' id='par_1_9' title="bbox 267 1198 1561 1436">
     <span class='ocr_line' id='line_1_17' title="bbox 267 1198 1556 1247; baseline -0.004 -9"><span class='ocrx_word' id='word_1_148' title='bbox 267 1204 403 1238; x_wconf 82' lang='lat' dir='ltr'><strong>Phoebe.</strong></span> <span class='ocrx_word' id='word_1_149' title='bbox 454 1210 507 1238; x_wconf 79' lang='grc' dir='ltr'><strong>ΙΙ.</strong></span> <span class='ocrx_word' id='word_1_150' title='bbox 532 1203 673 1237; x_wconf 80' lang='lat' dir='ltr'><strong>Aeterna</strong></span> <span class='ocrx_word' id='word_1_151' title='bbox 696 1203 833 1237; x_wconf 86' lang='lat' dir='ltr'><strong>consilia</strong></span> <span class='ocrx_word' id='word_1_152' title='bbox 857 1205 959 1244; x_wconf 83' lang='lat' dir='ltr'><strong>sunt,</strong></span> <span class='ocrx_word' id='word_1_153' title='bbox 993 1210 1086 1247; x_wconf 85' lang='lat' dir='ltr'><strong>quae</strong></span> <span class='ocrx_word' id='word_1_154' title='bbox 1107 1198 1183 1233; x_wconf 87' lang='lat' dir='ltr'><strong>sine</strong></span> <span class='ocrx_word' id='word_1_155' title='bbox 1212 1198 1476 1244; x_wconf 79' lang='lat' dir='ltr'><strong>intermissione</strong></span> <span class='ocrx_word' id='word_1_156' title='bbox 1500 1209 1556 1234; x_wconf 81' lang='lat' dir='ltr'><strong>ca·</strong></span> 
     </span>
     <span class='ocr_line' id='line_1_18' title="bbox 267 1261 1556 1310; baseline -0.001 -13"><span class='ocrx_word' id='word_1_157' title='bbox 267 1263 387 1310; x_wconf 80' lang='lat' dir='ltr'><strong>pimus</strong></span> <span class='ocrx_word' id='word_1_158' title='bbox 412 1263 521 1297; x_wconf 89' lang='lat' dir='ltr'><strong>modo</strong></span> <span class='ocrx_word' id='word_1_159' title='bbox 546 1263 590 1297; x_wconf 88' lang='lat' dir='ltr'><strong>de</strong></span> <span class='ocrx_word' id='word_1_160' title='bbox 619 1262 694 1309; x_wconf 71' lang='lat' dir='ltr'><strong>liiS,</strong></span> <span class='ocrx_word' id='word_1_161' title='bbox 733 1264 841 1298; x_wconf 88' lang='lat' dir='ltr'><strong>modo</strong></span> <span class='ocrx_word' id='word_1_162' title='bbox 866 1264 911 1298; x_wconf 86' lang='lat' dir='ltr'><strong>de</strong></span> <span class='ocrx_word' id='word_1_163' title='bbox 935 1261 1013 1298; x_wconf 85' lang='lat' dir='ltr'><strong>aliis</strong></span> <span class='ocrx_word' id='word_1_164' title='bbox 1045 1262 1170 1307; x_wconf 72' lang='lat' dir='ltr'><strong>rebuS,</strong></span> <span class='ocrx_word' id='word_1_165' title='bbox 1209 1273 1296 1308; x_wconf 85' lang='lat' dir='ltr'><strong>quas</strong></span> <span class='ocrx_word' id='word_1_166' title='bbox 1329 1273 1449 1296; x_wconf 85' lang='lat' dir='ltr'><strong>sumus</strong></span> <span class='ocrx_word' id='word_1_167' title='bbox 1483 1271 1556 1296; x_wconf 76' lang='lat' dir='ltr'><strong>sus-</strong></span> 
     </span>
     <span class='ocr_line' id='line_1_19' title="bbox 269 1312 1561 1373; baseline -0.002 -12"><span class='ocrx_word' id='word_1_168' title='bbox 269 1325 425 1373; x_wconf 79' lang='lat' dir='ltr'><strong>cepturi.</strong></span> <span class='ocrx_word' id='word_1_169' title='bbox 451 1330 608 1363; x_wconf 80' lang='lat' dir='ltr'><strong>minorem</strong></span> <span class='ocrx_word' id='word_1_170' title='bbox 632 1329 791 1373; x_wconf 62' lang='lat' dir='ltr'><strong>animum.</strong></span> <span class='ocrx_word' id='word_1_171' title='bbox 815 1325 877 1372; x_wconf 85' lang='lat' dir='ltr'><strong>qui</strong></span> <span class='ocrx_word' id='word_1_172' title='bbox 900 1337 975 1360; x_wconf 90' lang='lat' dir='ltr'><strong>non</strong></span> <span class='ocrx_word' id='word_1_173' title='bbox 998 1336 1067 1372; x_wconf 89' lang='lat' dir='ltr'><strong>par</strong></span> <span class='ocrx_word' id='word_1_174' title='bbox 1091 1331 1143 1371; x_wconf 67' lang='lat' dir='ltr'><strong>est</strong></span> <span class='ocrx_word' id='word_1_175' title='bbox 1168 1312 1399 1371; x_wconf 78' lang='lat' dir='ltr'><strong>expediendis</strong></span> <span class='ocrx_word' id='word_1_176' title='bbox 1423 1330 1478 1358; x_wconf 87' lang='lat' dir='ltr'><strong>tot</strong></span> <span class='ocrx_word' id='word_1_177' title='bbox 1497 1332 1561 1358; x_wconf 72' lang='lat' dir='ltr'><strong>nea&#39;</strong></span> 
     </span>
     <span class='ocr_line' id='line_1_20' title="bbox 269 1387 1553 1436; baseline -0.001 -13"><span class='ocrx_word' id='word_1_178' title='bbox 269 1389 386 1436; x_wconf 76' lang='lat' dir='ltr'><strong>gotiis,</strong></span> <span class='ocrx_word' id='word_1_179' title='bbox 420 1401 512 1434; x_wconf 88' lang='lat' dir='ltr'><strong>quae</strong></span> <span class='ocrx_word' id='word_1_180' title='bbox 537 1388 732 1423; x_wconf 84' lang='lat' dir='ltr'><strong>meditaris.</strong></span> <span class='ocrx_word' id='word_1_181' title='bbox 786 1398 839 1434; x_wconf 84' lang='lat'><strong>14.</strong></span> <span class='ocrx_word' id='word_1_182' title='bbox 864 1398 993 1425; x_wconf 75' lang='lat' dir='ltr'><strong>temere.</strong></span> <span class='ocrx_word' id='word_1_183' title='bbox 1023 1387 1099 1422; x_wconf 86' lang='lat' dir='ltr'><strong>sine</strong></span> <span class='ocrx_word' id='word_1_184' title='bbox 1120 1388 1277 1434; x_wconf 82' lang='lat' dir='ltr'><strong>delectu.</strong></span> <span class='ocrx_word' id='word_1_185' title='bbox 1301 1399 1405 1434; x_wconf 89' lang='lat' dir='ltr'><strong>romp</strong></span> <span class='ocrx_word' id='word_1_186' title='bbox 1427 1388 1553 1434; x_wconf 86' lang='lat' dir='ltr'><strong>slomp.</strong></span> 
     </span>
    </p>
   </div>
   <div class='ocr_carea' id='block_1_9' title="bbox 341 1450 1614 1497">
    <p class='ocr_par' dir='ltr' id='par_1_10' title="bbox 341 1450 1614 1497">
     <span class='ocr_line' id='line_1_21' title="bbox 341 1450 1614 1497; baseline -0.001 -9"><span class='ocrx_word' id='word_1_187' title='bbox 341 1455 394 1488; x_wconf 87' lang='lat'><strong>16.</strong></span> <span class='ocrx_word' id='word_1_188' title='bbox 419 1455 528 1488; x_wconf 73' lang='lat' dir='ltr'><strong>nardo.</strong></span> <span class='ocrx_word' id='word_1_189' title='bbox 574 1451 700 1486; x_wconf 87' lang='lat' dir='ltr'><strong>Planta</strong></span> <span class='ocrx_word' id='word_1_190' title='bbox 724 1451 868 1495; x_wconf 75' lang='lat' dir='ltr'><strong>Indi’ea,</strong></span> <span class='ocrx_word' id='word_1_191' title='bbox 903 1452 1006 1496; x_wconf 81' lang='lat' dir='ltr'><strong>cujus</strong></span> <span class='ocrx_word' id='word_1_192' title='bbox 1040 1450 1140 1497; x_wconf 83' lang='lat' dir='ltr'><strong>spie&#39;a</strong></span> <span class='ocrx_word' id='word_1_193' title='bbox 1170 1450 1368 1486; x_wconf 79' lang='lat' dir='ltr'><strong>suavissimi</strong></span> <span class='ocrx_word' id='word_1_194' title='bbox 1394 1457 1447 1485; x_wconf 89' lang='lat' dir='ltr'><strong>est</strong></span> <span class='ocrx_word' id='word_1_195' title='bbox 1471 1450 1556 1485; x_wconf 87' lang='lat' dir='ltr'><strong>odo·</strong></span> <span class='ocrx_word' id='word_1_196' title='bbox 1611 1484 1614 1487; x_wconf 19' lang='grc' dir='ltr'><strong>Α</strong></span> 
     </span>
    </p>
   </div>
   <div class='ocr_carea' id='block_1_10' title="bbox 268 1513 1556 1632">
    <p class='ocr_par' dir='ltr' id='par_1_11' title="bbox 268 1513 1556 1632">
     <span class='ocr_line' id='line_1_22' title="bbox 268 1513 1555 1562; baseline -0.002 -12"><span class='ocrx_word' id='word_1_197' title='bbox 268 1515 337 1560; x_wconf 80' lang='lat' dir='ltr'><strong>ris,</strong></span> <span class='ocrx_word' id='word_1_198' title='bbox 371 1521 411 1549; x_wconf 83' lang='lat' dir='ltr'><strong>ut</strong></span> <span class='ocrx_word' id='word_1_199' title='bbox 436 1522 471 1549; x_wconf 87' lang='lat' dir='ltr'><strong>et</strong></span> <span class='ocrx_word' id='word_1_200' title='bbox 496 1514 622 1550; x_wconf 85' lang='lat' dir='ltr'><strong>solium</strong></span> <span class='ocrx_word' id='word_1_201' title='bbox 648 1515 746 1562; x_wconf 81' lang='lat' dir='ltr'><strong>quod</strong></span> <span class='ocrx_word' id='word_1_202' title='bbox 771 1514 906 1551; x_wconf 84' lang='lat' dir='ltr'><strong>dicitur</strong></span> <span class='ocrx_word' id='word_1_203' title='bbox 929 1517 1172 1550; x_wconf 84' lang='lat' dir='ltr'><strong>malobathrum.</strong></span> <span class='ocrx_word' id='word_1_204' title='bbox 1238 1513 1335 1558; x_wconf 89' lang='lat' dir='ltr'><strong>(Vid.</strong></span> <span class='ocrx_word' id='word_1_205' title='bbox 1371 1514 1418 1548; x_wconf 88' lang='lat' dir='ltr'><strong>ad</strong></span> <span class='ocrx_word' id='word_1_206' title='bbox 1436 1522 1468 1558; x_wconf 83' lang='lat'><strong>7,</strong></span> <span class='ocrx_word' id='word_1_207' title='bbox 1503 1515 1555 1560; x_wconf 86' lang='lat'><strong>8.)</strong></span> 
     </span>
     <span class='ocr_line' id='line_1_23' title="bbox 269 1578 1556 1632; baseline -0.004 -15"><span class='ocrx_word' id='word_1_208' title='bbox 269 1581 406 1617; x_wconf 79' lang='lat' dir='ltr'><strong>Nardus</strong></span> <span class='ocrx_word' id='word_1_209' title='bbox 429 1579 488 1614; x_wconf 87' lang='lat' dir='ltr'><strong>hic</strong></span> <span class='ocrx_word' id='word_1_210' title='bbox 512 1578 712 1626; x_wconf 79' lang='lat' dir='ltr'><strong>accipitur,</strong></span> <span class='ocrx_word' id='word_1_211' title='bbox 747 1586 789 1614; x_wconf 87' lang='lat' dir='ltr'><strong>ut</strong></span> <span class='ocrx_word' id='word_1_212' title='bbox 812 1590 942 1632; x_wconf 82' lang='lat' dir='ltr'><strong>saepe,</strong></span> <span class='ocrx_word' id='word_1_213' title='bbox 978 1588 1050 1624; x_wconf 81' lang='lat' dir='ltr'><strong>pr0,</strong></span> <span class='ocrx_word' id='word_1_214' title='bbox 1082 1585 1242 1623; x_wconf 83' lang='lat' dir='ltr'><strong>unguento</strong></span> <span class='ocrx_word' id='word_1_215' title='bbox 1266 1582 1423 1631; x_wconf 53' lang='lat' dir='ltr'><strong>nardino,</strong></span> <span class='ocrx_word' id='word_1_216' title='bbox 1457 1578 1556 1625; x_wconf 85' lang='lat' dir='ltr'><strong>quod</strong></span> 
     </span>
    </p>
   </div>
   <div class='ocr_carea' id='block_1_11' title="bbox 268 1633 1635 1691">
    <p class='ocr_par' dir='ltr' id='par_1_12' title="bbox 268 1633 1635 1691">
     <span class='ocr_line' id='line_1_24' title="bbox 268 1633 1635 1691; baseline -0.001 -14"><span class='ocrx_word' id='word_1_217' title='bbox 268 1649 422 1677; x_wconf 83' lang='lat' dir='ltr'><strong>vocatur</strong></span> <span class='ocrx_word' id='word_1_218' title='bbox 446 1641 553 1677; x_wconf 85' lang='lat' dir='ltr'><strong>etiam</strong></span> <span class='ocrx_word' id='word_1_219' title='bbox 577 1634 775 1688; x_wconf 66' lang='lat' dir='ltr'><strong>unguentum</strong></span> <span class='ocrx_word' id='word_1_220' title='bbox 797 1645 956 1688; x_wconf 81' lang='lat' dir='ltr'><strong>spicatum</strong></span> <span class='ocrx_word' id='word_1_221' title='bbox 971 1667 982 1686; x_wconf 93' lang='lat'>‚</span> <span class='ocrx_word' id='word_1_222' title='bbox 1019 1651 1082 1675; x_wconf 84' lang='lat' dir='ltr'><strong>seu</strong></span> <span class='ocrx_word' id='word_1_223' title='bbox 1096 1644 1277 1688; x_wconf 33' lang='lat' dir='ltr'><strong>foliatum..</strong></span> <span class='ocrx_word' id='word_1_224' title='bbox 1298 1641 1383 1690; x_wconf 65' lang='lat' dir='ltr'><strong>vide</strong></span> <span class='ocrx_word' id='word_1_225' title='bbox 1406 1633 1553 1689; x_wconf 53' lang='lat' dir='ltr'><strong>SAEHPOE·</strong></span> <span class='ocrx_word' id='word_1_226' title='bbox 1617 1651 1635 1691; x_wconf 37' lang='lat'><strong>¹.</strong></span> 
     </span>
    </p>
   </div>
   <div class='ocr_carea' id='block_1_12' title="bbox 261 1703 1562 2638">
    <p class='ocr_par' dir='ltr' id='par_1_13' title="bbox 264 1703 1562 2255">
     <span class='ocr_line' id='line_1_25' title="bbox 266 1703 1555 1754; baseline -0.001 -15"><span class='ocrx_word' id='word_1_227' title='bbox 266 1705 397 1740; x_wconf 82' lang='lat' dir='ltr'><strong>Exere.</strong></span> <span class='ocrx_word' id='word_1_228' title='bbox 414 1705 517 1746; x_wconf 65' lang='lat' dir='ltr'><strong>Ptin.</strong></span> <span class='ocrx_word' id='word_1_229' title='bbox 544 1709 624 1754; x_wconf 58' lang='grc' dir='ltr'><strong>746.Υ</strong></span> <span class='ocrx_word' id='word_1_230' title='bbox 648 1718 746 1753; x_wconf 87' lang='lat' dir='ltr'><strong>seqq.</strong></span> <span class='ocrx_word' id='word_1_231' title='bbox 796 1705 883 1739; x_wconf 85' lang='lat' dir='ltr'><strong>Tale</strong></span> <span class='ocrx_word' id='word_1_232' title='bbox 908 1703 976 1738; x_wconf 81' lang='lat' dir='ltr'><strong>fuit</strong></span> <span class='ocrx_word' id='word_1_233' title='bbox 999 1711 1248 1750; x_wconf 82' lang='lat' dir='ltr'><strong>unguentum,</strong></span> <span class='ocrx_word' id='word_1_234' title='bbox 1282 1716 1357 1751; x_wconf 74' lang='lat' dir='ltr'><strong>quo</strong></span> <span class='ocrx_word' id='word_1_235' title='bbox 1392 1703 1555 1750; x_wconf 77' lang='lat' dir='ltr'><strong>Christus</strong></span> 
     </span>
     <span class='ocr_line' id='line_1_26' title="bbox 266 1765 1558 1820; baseline 0 -18"><span class='ocrx_word' id='word_1_236' title='bbox 266 1774 304 1809; x_wconf 81' lang='lat' dir='ltr'><strong>in</strong></span> <span class='ocrx_word' id='word_1_237' title='bbox 332 1780 446 1804; x_wconf 88' lang='lat' dir='ltr'><strong>coena</strong></span> <span class='ocrx_word' id='word_1_238' title='bbox 469 1767 596 1804; x_wconf 88' lang='lat' dir='ltr'><strong>ultima</strong></span> <span class='ocrx_word' id='word_1_239' title='bbox 621 1775 673 1803; x_wconf 88' lang='lat' dir='ltr'><strong>est</strong></span> <span class='ocrx_word' id='word_1_240' title='bbox 695 1774 837 1804; x_wconf 86' lang='lat' dir='ltr'><strong>unctus.</strong></span> <span class='ocrx_word' id='word_1_241' title='bbox 892 1765 1047 1818; x_wconf 77' lang='grc' dir='ltr'>Νάρδος</span> <span class='ocrx_word' id='word_1_242' title='bbox 1068 1766 1203 1820; x_wconf 71' lang='grc' dir='ltr'><em>πιςικὴ</em></span> <span class='ocrx_word' id='word_1_243' title='bbox 1229 1774 1281 1814; x_wconf 81' lang='lat' dir='ltr'><strong>est</strong></span> <span class='ocrx_word' id='word_1_244' title='bbox 1305 1768 1473 1814; x_wconf 85' lang='lat' dir='ltr'><strong>genuina,</strong></span> <span class='ocrx_word' id='word_1_245' title='bbox 1498 1777 1558 1802; x_wconf 84' lang='lat' dir='ltr'><strong>ve-·</strong></span> 
     </span>
     <span class='ocr_line' id='line_1_27' title="bbox 267 1827 1551 1880; baseline 0.002 -19"><span class='ocrx_word' id='word_1_246' title='bbox 267 1839 326 1871; x_wconf 84' lang='lat' dir='ltr'><strong>ra,</strong></span> <span class='ocrx_word' id='word_1_247' title='bbox 370 1839 444 1861; x_wconf 89' lang='lat' dir='ltr'><strong>non</strong></span> <span class='ocrx_word' id='word_1_248' title='bbox 478 1830 691 1878; x_wconf 82' lang='lat' dir='ltr'><strong>adulterata.</strong></span> <span class='ocrx_word' id='word_1_249' title='bbox 744 1835 800 1880; x_wconf 53' lang='lat'><strong>185</strong></span> <span class='ocrx_word' id='word_1_250' title='bbox 836 1831 955 1879; x_wconf 73' lang='lat' dir='ltr'><strong>edaees.</strong></span> <span class='ocrx_word' id='word_1_251' title='bbox 994 1827 1198 1877; x_wconf 57' lang='lat' dir='ltr'><strong>mordaces3</strong></span> <span class='ocrx_word' id='word_1_252' title='bbox 1256 1835 1312 1870; x_wconf 69' lang='lat'><strong>19.</strong></span> <span class='ocrx_word' id='word_1_253' title='bbox 1346 1830 1551 1875; x_wconf 71' lang='lat' dir='ltr'><strong>Restingu&#39;et.</strong></span> 
     </span>
     <span class='ocr_line' id='line_1_28' title="bbox 264 1891 1556 1941; baseline 0.002 -16"><span class='ocrx_word' id='word_1_254' title='bbox 264 1891 484 1938; x_wconf 77' lang='lat' dir='ltr'><strong>temperabit</strong></span> <span class='ocrx_word' id='word_1_255' title='bbox 508 1893 631 1928; x_wconf 85' lang='lat' dir='ltr'><strong>vinum</strong></span> <span class='ocrx_word' id='word_1_256' title='bbox 657 1903 751 1939; x_wconf 87' lang='lat' dir='ltr'><strong>aqua</strong></span> <span class='ocrx_word' id='word_1_257' title='bbox 774 1892 1075 1939; x_wconf 83' lang='lat' dir='ltr'><strong>praeterfluente3</strong></span> <span class='ocrx_word' id='word_1_258' title='bbox 1107 1904 1186 1941; x_wconf 50' lang='lat' dir='ltr'><strong>non⁴</strong></span> <span class='ocrx_word' id='word_1_259' title='bbox 1202 1891 1447 1940; x_wconf 76' lang='lat' dir='ltr'><strong>refrigerabit,</strong></span> <span class='ocrx_word' id='word_1_260' title='bbox 1472 1904 1556 1928; x_wconf 82' lang='lat' dir='ltr'><strong>cum</strong></span> 
     </span>
     <span class='ocr_line' id='line_1_29' title="bbox 266 1955 1556 2004; baseline 0.002 -15"><span class='ocrx_word' id='word_1_261' title='bbox 266 1956 367 1990; x_wconf 84' lang='lat' dir='ltr'><strong>nulla</strong></span> <span class='ocrx_word' id='word_1_262' title='bbox 390 1955 524 2003; x_wconf 82' lang='lat' dir='ltr'><strong>glacies</strong></span> <span class='ocrx_word' id='word_1_263' title='bbox 547 1962 693 2003; x_wconf 85' lang='lat' dir='ltr'><strong>praesto</strong></span> <span class='ocrx_word' id='word_1_264' title='bbox 726 1955 789 2001; x_wconf 76' lang='lat' dir='ltr'><strong>sit,</strong></span> <span class='ocrx_word' id='word_1_265' title='bbox 821 1962 863 1991; x_wconf 85' lang='lat' dir='ltr'><strong>ut</strong></span> <span class='ocrx_word' id='word_1_266' title='bbox 886 1955 947 2004; x_wconf 74' lang='lat' dir='ltr'><strong>alii</strong></span> <span class='ocrx_word' id='word_1_267' title='bbox 974 1955 1164 2002; x_wconf 85' lang='lat' dir='ltr'><strong>explicant.</strong></span> <span class='ocrx_word' id='word_1_268' title='bbox 1223 1964 1279 1991; x_wconf 90' lang='lat'><strong>21.</strong></span> <span class='ocrx_word' id='word_1_269' title='bbox 1314 1957 1460 1992; x_wconf 83' lang='lat' dir='ltr'><strong>devium.</strong></span> <span class='ocrx_word' id='word_1_270' title='bbox 1497 1956 1556 1998; x_wconf 76' lang='lat' dir='ltr'><strong>ha-</strong></span> 
     </span>
     <span class='ocr_line' id='line_1_30' title="bbox 266 2003 1555 2068; baseline -0.001 -14"><span class='ocrx_word' id='word_1_271' title='bbox 266 2003 386 2054; x_wconf 55' lang='lat' dir='ltr'><strong>bitans</strong></span> <span class='ocrx_word' id='word_1_272' title='bbox 410 2018 448 2053; x_wconf 86' lang='lat' dir='ltr'><strong>in</strong></span> <span class='ocrx_word' id='word_1_273' title='bbox 474 2019 582 2054; x_wconf 83' lang='lat' dir='ltr'><strong>domo</strong></span> <span class='ocrx_word' id='word_1_274' title='bbox 607 2030 629 2053; x_wconf 90' lang='lat' dir='ltr'><strong>a</strong></span> <span class='ocrx_word' id='word_1_275' title='bbox 652 2017 711 2053; x_wconf 88' lang='lat' dir='ltr'><strong>via</strong></span> <span class='ocrx_word' id='word_1_276' title='bbox 734 2019 880 2068; x_wconf 78' lang='lat' dir='ltr'><strong>publiea</strong></span> <span class='ocrx_word' id='word_1_277' title='bbox 904 2026 1055 2068; x_wconf 80' lang='lat' dir='ltr'><strong>remota.</strong></span> <span class='ocrx_word' id='word_1_278' title='bbox 1119 2025 1178 2065; x_wconf 69' lang='lat'><strong>23.⁴</strong></span> <span class='ocrx_word' id='word_1_279' title='bbox 1213 2019 1262 2053; x_wconf 87' lang='lat' dir='ltr'><strong>Ut</strong></span> <span class='ocrx_word' id='word_1_280' title='bbox 1286 2026 1462 2065; x_wconf 83' lang='lat' dir='ltr'><strong>properet</strong></span> <span class='ocrx_word' id='word_1_281' title='bbox 1497 2011 1555 2056; x_wconf 61' lang='lat' dir='ltr'><strong>v&#39;e·</strong></span> 
     </span>
     <span class='ocr_line' id='line_1_31' title="bbox 266 2080 1562 2131; baseline 0.003 -16"><span class='ocrx_word' id='word_1_282' title='bbox 266 2080 368 2126; x_wconf 83' lang='lat' dir='ltr'><strong>nire,</strong></span> <span class='ocrx_word' id='word_1_283' title='bbox 404 2094 473 2117; x_wconf 87' lang='lat' dir='ltr'><strong>nec</strong></span> <span class='ocrx_word' id='word_1_284' title='bbox 498 2083 653 2131; x_wconf 85' lang='lat' dir='ltr'><strong>multum</strong></span> <span class='ocrx_word' id='word_1_285' title='bbox 675 2082 848 2129; x_wconf 76' lang='lat' dir='ltr'><strong>temporis</strong></span> <span class='ocrx_word' id='word_1_286' title='bbox 874 2090 1062 2119; x_wconf 83' lang='lat' dir='ltr'><strong>consumat</strong></span> <span class='ocrx_word' id='word_1_287' title='bbox 1085 2081 1123 2116; x_wconf 89' lang='lat' dir='ltr'><strong>in</strong></span> <span class='ocrx_word' id='word_1_288' title='bbox 1148 2082 1313 2117; x_wconf 89' lang='lat' dir='ltr'><strong>ornando</strong></span> <span class='ocrx_word' id='word_1_289' title='bbox 1339 2082 1468 2129; x_wconf 86' lang='lat' dir='ltr'><strong>capite,</strong></span> <span class='ocrx_word' id='word_1_290' title='bbox 1492 2084 1562 2119; x_wconf 74' lang='lat' dir='ltr'><strong>sed&#39;</strong></span> 
     </span>
     <span class='ocr_line' id='line_1_32' title="bbox 267 2143 1557 2194; baseline 0.002 -15"><span class='ocrx_word' id='word_1_291' title='bbox 267 2144 442 2191; x_wconf 80' lang='lat' dir='ltr'><strong>capillum</strong></span> <span class='ocrx_word' id='word_1_292' title='bbox 466 2152 604 2181; x_wconf 87' lang='lat' dir='ltr'><strong>tantum</strong></span> <span class='ocrx_word' id='word_1_293' title='bbox 628 2144 717 2194; x_wconf 84' lang='lat' dir='ltr'><strong>liget</strong></span> <span class='ocrx_word' id='word_1_294' title='bbox 740 2144 782 2194; x_wconf 79' lang='lat' dir='ltr'><strong>in</strong></span> <span class='ocrx_word' id='word_1_295' title='bbox 801 2143 950 2189; x_wconf 89' lang='lat' dir='ltr'><strong>nodum,</strong></span> <span class='ocrx_word' id='word_1_296' title='bbox 975 2155 1076 2193; x_wconf 85' lang='lat' dir='ltr'><strong>more</strong></span> <span class='ocrx_word' id='word_1_297' title='bbox 1098 2145 1366 2181; x_wconf 83' lang='lat' dir='ltr'><strong>Laconicarum</strong></span> <span class='ocrx_word' id='word_1_298' title='bbox 1388 2145 1557 2182; x_wconf 80' lang='lat' dir='ltr'><strong>foemina-</strong></span> 
     </span>
     <span class='ocr_line' id='line_1_33' title="bbox 267 2208 893 2255; baseline -0.002 -12"><span class='ocrx_word' id='word_1_299' title='bbox 267 2219 360 2243; x_wconf 87' lang='lat' dir='ltr'><strong>rum.</strong></span> <span class='ocrx_word' id='word_1_300' title='bbox 398 2208 453 2244; x_wconf 88' lang='lat' dir='ltr'><strong>Cf.</strong></span> <span class='ocrx_word' id='word_1_301' title='bbox 481 2209 551 2244; x_wconf 85' lang='lat' dir='ltr'><strong>Od.</strong></span> <span class='ocrx_word' id='word_1_302' title='bbox 577 2215 611 2253; x_wconf 87' lang='lat'><strong>3,</strong></span> <span class='ocrx_word' id='word_1_303' title='bbox 639 2218 693 2253; x_wconf 72' lang='lat'><strong>14,</strong></span> <span class='ocrx_word' id='word_1_304' title='bbox 718 2218 762 2246; x_wconf 85' lang='lat'><strong>21</strong></span> <span class='ocrx_word' id='word_1_305' title='bbox 788 2219 893 2255; x_wconf 29' lang='lat' dir='ltr'><strong>sequ.-</strong></span> 
     </span>
    </p>

    <p class='ocr_par' dir='ltr' id='par_1_14' title="bbox 263 2271 1552 2511">
     <span class='ocr_line' id='line_1_34' title="bbox 337 2271 1552 2319; baseline 0.003 -13"><span class='ocrx_word' id='word_1_306' title='bbox 337 2271 407 2306; x_wconf 83' lang='lat' dir='ltr'><strong>Od.</strong></span> <span class='ocrx_word' id='word_1_307' title='bbox 431 2281 467 2317; x_wconf 85' lang='lat'><strong>2,</strong></span> <span class='ocrx_word' id='word_1_308' title='bbox 495 2281 550 2317; x_wconf 87' lang='lat'><strong>12,</strong></span> <span class='ocrx_word' id='word_1_309' title='bbox 576 2279 609 2315; x_wconf 87' lang='grc'><strong>3.</strong></span> <span class='ocrx_word' id='word_1_310' title='bbox 645 2276 794 2310; x_wconf 85' lang='lat' dir='ltr'><strong>mollibus</strong></span> <span class='ocrx_word' id='word_1_311' title='bbox 825 2286 855 2308; x_wconf 83' lang='lat' dir='ltr'><strong>a.</strong></span> <span class='ocrx_word' id='word_1_312' title='bbox 881 2286 910 2308; x_wconf 82' lang='lat' dir='ltr'><strong>c.</strong></span> <span class='ocrx_word' id='word_1_313' title='bbox 948 2274 1059 2310; x_wconf 81' lang='lat' dir='ltr'><strong>modis.</strong></span> <span class='ocrx_word' id='word_1_314' title='bbox 1099 2272 1258 2308; x_wconf 84' lang='lat' dir='ltr'><strong>carmine</strong></span> <span class='ocrx_word' id='word_1_315' title='bbox 1295 2272 1412 2319; x_wconf 88' lang='lat' dir='ltr'><strong>lyrico</strong></span> <span class='ocrx_word' id='word_1_316' title='bbox 1444 2285 1466 2309; x_wconf 82' lang='lat' dir='ltr'><strong>a</strong></span> <span class='ocrx_word' id='word_1_317' title='bbox 1494 2286 1552 2310; x_wconf 82' lang='lat' dir='ltr'><strong>me</strong></span> 
     </span>
     <span class='ocr_line' id='line_1_35' title="bbox 266 2334 1548 2386; baseline 0.003 -18"><span class='ocrx_word' id='word_1_318' title='bbox 266 2334 434 2370; x_wconf 84' lang='lat' dir='ltr'><strong>describi.</strong></span> <span class='ocrx_word' id='word_1_319' title='bbox 484 2341 516 2380; x_wconf 81' lang='grc'><strong>5.</strong></span> <span class='ocrx_word' id='word_1_320' title='bbox 540 2339 660 2386; x_wconf 63' lang='grc' dir='ltr'><strong>Νὶωίῆ</strong></span> <span class='ocrx_word' id='word_1_321' title='bbox 683 2335 856 2371; x_wconf 83' lang='lat' dir='ltr'><strong>dicuntur</strong></span> <span class='ocrx_word' id='word_1_322' title='bbox 879 2342 1099 2383; x_wconf 84' lang='lat' dir='ltr'><strong>arrogantes,</strong></span> <span class='ocrx_word' id='word_1_323' title='bbox 1131 2336 1356 2383; x_wconf 85' lang='lat' dir='ltr'><strong>impotentes.</strong></span> <span class='ocrx_word' id='word_1_324' title='bbox 1405 2338 1491 2372; x_wconf 81' lang='lat' dir='ltr'><strong>Tac.</strong></span> <span class='ocrx_word' id='word_1_325' title='bbox 1515 2344 1548 2379; x_wconf 84' lang='lat'><strong>3.</strong></span> 
     </span>
     <span class='ocr_line' id='line_1_36' title="bbox 263 2397 1551 2448; baseline 0 -11"><span class='ocrx_word' id='word_1_326' title='bbox 263 2397 351 2433; x_wconf 80' lang='lat' dir='ltr'><strong>Hist-</strong></span> <span class='ocrx_word' id='word_1_327' title='bbox 378 2405 454 2443; x_wconf 82' lang='lat'><strong><em>52-=</em></strong></span> <span class='ocrx_word' id='word_1_328' title='bbox 479 2402 605 2437; x_wconf 82' lang='lat' dir='ltr'><strong>&#39;Erant</strong></span> <span class='ocrx_word' id='word_1_329' title='bbox 627 2404 714 2447; x_wconf 76' lang='lat' dir='ltr'><strong>inter</strong></span> <span class='ocrx_word' id='word_1_330' title='bbox 735 2403 840 2445; x_wconf 76' lang='lat' dir='ltr'><strong>duces,</strong></span> <span class='ocrx_word' id='word_1_331' title='bbox 876 2403 934 2447; x_wconf 78' lang='lat' dir='ltr'><strong>qui</strong></span> <span class='ocrx_word' id='word_1_332' title='bbox 958 2409 1122 2437; x_wconf 82' lang='lat' dir='ltr'><strong>necterent</strong></span> <span class='ocrx_word' id='word_1_333' title='bbox 1143 2413 1270 2437; x_wconf 78' lang='lat' dir='ltr'><strong>moras.-</strong></span> <span class='ocrx_word' id='word_1_334' title='bbox 1310 2405 1425 2448; x_wconf 79' lang='lat' dir='ltr'><strong>quippe</strong></span> <span class='ocrx_word' id='word_1_335' title='bbox 1455 2404 1551 2437; x_wconf 88' lang='lat' dir='ltr'><strong>nimi-</strong></span> 
     </span>
     <span class='ocr_line' id='line_1_37' title="bbox 263 2453 1548 2511; baseline 0.002 -14"><span class='ocrx_word' id='word_1_336' title='bbox 263 2473 302 2498; x_wconf 77' lang='lat' dir='ltr'><strong>us</strong></span> <span class='ocrx_word' id='word_1_337' title='bbox 314 2465 391 2505; x_wconf 88' lang='lat' dir='ltr'><strong>jam</strong></span> <span class='ocrx_word' id='word_1_338' title='bbox 413 2465 577 2502; x_wconf 84' lang='lat' dir='ltr'><strong>Antonius</strong></span> <span class='ocrx_word' id='word_1_339' title='bbox 600 2469 667 2499; x_wconf 83' lang='lat' dir='ltr'><strong>etc.</strong></span> <span class='ocrx_word' id='word_1_340' title='bbox 725 2453 790 2499; x_wconf 74' lang='lat' dir='ltr'><strong>Sicv</strong></span> <span class='ocrx_word' id='word_1_341' title='bbox 812 2470 847 2497; x_wconf 87' lang='lat' dir='ltr'><strong>et</strong></span> <span class='ocrx_word' id='word_1_342' title='bbox 871 2466 1019 2502; x_wconf 83' lang='lat' dir='ltr'><strong>Multus.</strong></span> <span class='ocrx_word' id='word_1_343' title='bbox 1045 2478 1131 2501; x_wconf 83' lang='lat' dir='ltr'><strong>mero</strong></span> <span class='ocrx_word' id='word_1_344' title='bbox 1152 2471 1305 2511; x_wconf 86' lang='lat' dir='ltr'><strong>propter</strong></span> <span class='ocrx_word' id='word_1_345' title='bbox 1329 2463 1548 2499; x_wconf 83' lang='lat' dir='ltr'><strong>ebrietatem.</strong></span> 
     </span>
    </p>

    <p class='ocr_par' dir='ltr' id='par_1_15' title="bbox 261 2527 1549 2638">
     <span class='ocr_line' id='line_1_38' title="bbox 331 2527 1548 2573; baseline 0 -11"><span class='ocrx_word' id='word_1_346' title='bbox 331 2527 363 2562; x_wconf 87' lang='lat'><strong>6.</strong></span> <span class='ocrx_word' id='word_1_347' title='bbox 390 2529 535 2573; x_wconf 85' lang='lat' dir='ltr'><strong>Hylaeus</strong></span> <span class='ocrx_word' id='word_1_348' title='bbox 558 2527 625 2562; x_wconf 83' lang='lat' dir='ltr'><strong>fuit</strong></span> <span class='ocrx_word' id='word_1_349' title='bbox 650 2527 875 2572; x_wconf 80' lang='lat' dir='ltr'><strong>Centaurus,</strong></span> <span class='ocrx_word' id='word_1_350' title='bbox 902 2527 1041 2563; x_wconf 85' lang='lat' dir='ltr'><strong>occisus</strong></span> <span class='ocrx_word' id='word_1_351' title='bbox 1065 2528 1110 2563; x_wconf 86' lang='lat' dir='ltr'><strong>ab</strong></span> <span class='ocrx_word' id='word_1_352' title='bbox 1134 2529 1317 2573; x_wconf 77' lang='lat' dir='ltr'><strong>Atalanta,</strong></span> <span class='ocrx_word' id='word_1_353' title='bbox 1344 2538 1426 2562; x_wconf 88' lang='lat' dir='ltr'><strong>cum</strong></span> <span class='ocrx_word' id='word_1_354' title='bbox 1451 2527 1548 2563; x_wconf 86' lang='lat' dir='ltr'><strong>illam</strong></span> 
     </span>
     <span class='ocr_line' id='line_1_39' title="bbox 261 2586 1549 2638; baseline 0.002 -16"><span class='ocrx_word' id='word_1_355' title='bbox 261 2588 371 2623; x_wconf 84' lang='lat' dir='ltr'><strong>vellet</strong></span> <span class='ocrx_word' id='word_1_356' title='bbox 388 2589 527 2626; x_wconf 81' lang='lat' dir='ltr'><strong>vitiare.</strong></span> <span class='ocrx_word' id='word_1_357' title='bbox 576 2600 608 2636; x_wconf 83' lang='lat'><strong>7.</strong></span> <span class='ocrx_word' id='word_1_358' title='bbox 636 2594 777 2630; x_wconf 81' lang='lat' dir='ltr'><strong>Telluris</strong></span> <span class='ocrx_word' id='word_1_359' title='bbox 790 2594 933 2634; x_wconf 79' lang='lat' dir='ltr'><strong>juvenes</strong></span> <span class='ocrx_word' id='word_1_360' title='bbox 950 2591 1088 2638; x_wconf 86' lang='lat' dir='ltr'><strong>(filios),</strong></span> <span class='ocrx_word' id='word_1_361' title='bbox 1117 2591 1297 2638; x_wconf 83' lang='lat' dir='ltr'><strong>Gigantes.</strong></span> <span class='ocrx_word' id='word_1_362' title='bbox 1322 2593 1413 2628; x_wconf 80' lang='lat' dir='ltr'><strong>unde.</strong></span> <span class='ocrx_word' id='word_1_363' title='bbox 1436 2603 1455 2626; x_wconf 84' lang='lat' dir='ltr'><strong>a</strong></span> <span class='ocrx_word' id='word_1_364' title='bbox 1474 2586 1549 2638; x_wconf 62' lang='lat' dir='ltr'><strong>qui-</strong></span> 
     </span>
    </p>
   </div>
  </div>
 </body>
</html>
