1690 2918
274 194 372 238 vm
788 193 834 237 F.
871 192 923 232 H.
965 191 1169 235 Bowun.

273 333 479 429 retinere
518 347 730 398 modum
757 337 932 410 nescit,
968 365 1080 399 cum
1119 339 1286 398 contra
1312 345 1450 397 locos
1480 357 1580 394 ιιοιι

272 428 460 514 paucos
492 438 734 502 difficiles,
773 453 819 490 et
853 445 902 491 in
941 440 1118 508 quibus
1153 441 1341 506 priores
1378 438 1585 487 editores

246 525 448 586 frustra
491 532 806 602 laborarint,
836 534 968 582 sicc0
1014 531 1143 600 pede
1180 536 1418 592 transeat,
1472 542 1588 579 tan·
1623 595 1628 600 .
1683 579 1687 582 ,

274 613 424 691 quam
473 623 748 690 expeditos;
782 614 1044 692 *postremo
1090 623 1225 673 stilus
1271 625 1376 689 ejus
1412 627 1587 689 parum

272 714 447 765 latinus
488 734 635 782 saepe
680 728 751 766 est
798 718 1094 784 minimeque
1129 716 1259 778 talis,
1305 714 1500 781 qualem
1536 707 1588 759 in

275 807 618 875 elegantissimi
654 810 915 875 interprete
948 820 1125 876 poetae
1161 807 1422 883 desideres.

411 901 548 963 Quae
578 916 690 947 cum
723 902 788 948 ita
817 918 870 949 se
896 899 1162 963 haberent,
1209 899 1444 948 orationis
1476 897 1592 963 qui-

274 989 388 1040 dem
435 974 793 1040 emendandae
820 997 987 1039 curam
1033 990 1258 1054 scriptori
1302 987 1593 1053 relinquen-

274 1082 389 1132 dam
427 1100 531 1131 esse
577 1083 863 1142 existimavi,
902 1083 948 1155 si
984 1068 1188 1148 quando
1222 1078 1283 1128 ad
1319 1079 1594 1148 parandam

272 1166 449 1224 novam
494 1176 659 1240 operis
693 1175 770 1222 sui
813 1172 1075 1221 editionem
1110 1175 1325 1220 animum
1373 1172 1593 1238 adjecis-

272 1278 367 1330 set;
413 1277 623 1316 ceterum
660 1264 710 1314 id
743 1252 1021 1313 faciendum
1057 1255 1179 1313 mihi
1224 1256 1362 1327 duxi,
1406 1278 1458 1315 ut
1492 1266 1594 1316 ho·-

273 1360 416 1406 minis
461 1355 763 1406 iracundiam
806 1355 889 1404 hic
933 1355 1033 1404 illic
1078 1373 1468 1422 compescerem,
1511 1357 1594 1407 fa-

274 1441 506 1515 mamque
568 1448 867 1517 vindicarem
923 1447 1249 1509 eruditorum;
1318 1466 1593 1510 monerem,

273 1531 555 1607 ubicunque
602 1539 703 1588 falli
750 1538 992 1588 videretur
1035 1541 1106 1587 vir
1152 1523 1377 1601 calidior-3
1434 1540 1594 1588 adde-

273 1643 380 1682 rem
428 1649 484 1680 ac
528 1631 808 1697 supplerem
853 1632 894 1679 si
941 1629 1063 1696 quid
1111 1629 1323 1691 deesset;
1384 1630 1597 1696 denique

275 1723 399 1773 nihil
435 1726 730 1786 omitterem,
767 1740 863 1789 quo
899 1723 1147 1788 juvaretur
1176 1721 1438 1787 utiliorque
1472 1720 1595 1769 red-

276 1815 474 1865 deretur
517 1814 641 1864 haec
684 1814 846 1864 editio.
930 1815 986 1862 In
1031 1829 1130 1879 quo
1176 1815 1396 1877 negotio,
1446 1789 1604 1861 usur-l
1667 1794 1670 1798 ¹

275 1917 442 1978 'patam
487 1927 516 1958 a
553 1925 633 1956 me
678 1906 1014 1955 Bodonianam
1059 1903 1324 1954 editionem
1368 1904 1629 1971 splendi-·

278 2001 393 2051 dam
424 2018 487 2050 ne
519 2014 929 2059 commemorem,
964 1999 1014 2046 in
1045 2008 1141 2063 qua
1172 1996 1385 2045 curanda
1415 2009 1461 2046 et
1489 1999 1595 2062 ipse

278 2092 436 2141 editor
480 2102 646 2141 noster
691 2107 803 2138 cum
849 2091 1038 2150 amicis,
1082 2089 1329 2138 Viscontio
1364 2105 1595 2155 praeser-

277 2186 389 2245 tim,
443 2199 648 2250 operam
702 2199 841 2231 suam
894 2180 1147 2229 collocavit
1192 2177 1361 2244 (cujus
1414 2177 1594 2226 editio-⁴
1663 2169 1676 2177 ⁸

276 2282 351 2328 nis
388 2276 765 2345 praefationem,
802 2273 865 2322 ab
903 2275 1066 2339 equite
1104 2271 1166 2320 de
1201 2275 1352 2320 Azara
1388 2269 1592 2334 elegan-

279 2383 352 2420 ter
383 2372 640 2435 scriptam,
687 2377 882 2415 nostrae
915 2375 961 2413 et
994 2366 1214 2412 Nicensis'
1242 2359 1590 2427 subjecimus),

280 2480 400 2528 prae
445 2463 616 2510 ceteris
666 2457 870 2507 multum
928 2455 1114 2522 profuit
1161 2455 1408 2505 clarissimi
1453 2455 1591 2501 Van-³·
