1690 2918
581 167 924 221 ΡιιΔΕι-Λτιο,
1374 166 1452 243 ‘lu

135 326 398 393 agraverit,
460 338 734 390 omnesque
786 333 1002 395 montes,
1062 321 1219 382 lacus,
1284 320 1454 409 locos-

136 434 237 486 que
296 415 359 464 ab
417 417 615 464 Horatio
670 426 1081 464 commemoratos
1138 413 1293 463 oculis
1351 388 1454 462 suis
1507 452 1514 471 i

134 512 445 574 usurpaverit.
514 508 706 568 Deinde
743 510 918 557 artium
953 506 1162 579 Phidiaev
1189 519 1236 556 et
1274 476 1455 575 Apellis

134 606 357 669 ignarum
391 619 491 650 non
537 619 641 651 esse
685 586 884 650 debere*
907 600 1143 668 lectorem
1186 586 1456 674 editorem-2

134 713 233 761 que
270 697 526 758 Venusini,
569 697 678 763 quis
715 695 900 743 nescit?
968 696 1071 755 En,
1115 710 1284 741 earum
1320 688 1454 762 ςυστ

131 805 230 853 que
279 791 454 837 artium
498 789 847 838 scientissimus
893 798 982 849 est
1012 785 1248 836 Carolus
1265 798 1454 846 noster,

131 883 318 949 quippe
355 883 438 947 qui
474 878 600 942 (alia
634 898 698 929 ne
734 856 957 948 dicatu)
969 857 1334 928 winkelmanni
1367 876 1455 926 hi-

129 975 332 1028 storiam
380 989 548 1019 earum
593 975 773 1020 artium
820 972 980 1041 italice
1011 974 1285 1052 ,scriptam
1304 970 1455 1041 multa

131 1081 245 1112 cum
280 1064 425 1112 laude
461 1064 678 1123 ediderit.
750 1066 922 1127 Tum,
940 1047 1080 1131 quod
1113 1067 1455 1130 gravissimum

129 1141 201 1204 est
249 1167 294 1204 et
338 1155 414 1217 id,
456 1138 563 1224 vquo
609 1156 810 1219 delicta,
857 1159 958 1205 imo
1009 1159 1144 1220 vitia,
1191 1157 1454 1207 doctorum

122 1251 327 1315 pensari
362 1267 719 1317 nonnunquam
756 1227 1037 1312 videantur,
1084 1251 1348 1316 judicium,
1394 1272 1454 1302 eo

123 1355 226 1408 *tam
288 1342 438 1404 valet,
505 1355 559 1391 ut
615 1346 911 1409 opinionum
967 1356 1206 1415 torrente,
1262 1349 1349 1412 qui
1399 1350 1452 1405 in

124 1440 366 1500 scriptore
407 1449 565 1485 vetere
602 1436 736 1485 nullo
776 1448 847 1485 est
891 1429 1240 1502 impetuosior,
1286 1418 1452 1510 treus-'7

123 1546 316 1577 versum
362 1547 415 1577 se
462 1532 557 1594 agi
584 1542 731 1595 atque
778 1529 1098 1599 abripi'raro
1143 1547 1324 1598 passus,
1365 1533 1452 1601 sit,

123 1619 400 1686 nulliusque
449 1623 498 1667 in
545 1620 697 1671 verba
742 1623 962 1687 magistri
1008 1624 1180 1687 jurans
1225 1636 1275 1672 ut
1318 1607 1452 1682 hone.

123 1711 330 1759 aliorum
364 1723 667 1774 =commenta
722 1715 828 1761 sine
891 1714 1072 1763 invidia
1125 1715 1330 1782 probet,
1382 1721 1451 1767 ita

120 1799 471 1852 hallucinantes
523 1807 655 1854 viros
711 1809 857 1854 etiam
906 1807 1252 1859 celeberrimos
1306 1825 1450 1878 neget

119 1895 381 1957 serendos,
433 1896 687 1973 libereque
732 1901 949 1965 exagitet.
1011 1880 1262 1979 Denique
1309 1907 1450 1970 operi

120 1989 348 2061 omnibus
385 1993 542 2055 copiis
578 1993 950 2048 instructissimo
979 1994 1101 2042 nihil
1130 1995 1263 2062 deest
1297 2018 1450 2070 prae-

118 2093 192 2129 ter
238 2082 315 2144 id,
371 2082 506 2149 quod
560 2063 789 2133 humanis
837 2088 887 2134 in
937 2104 1145 2153 genere,
1198 2093 1448 2157 perfectio·

119 2174 309 2224 Oblitus
352 2179 427 2224 sui
479 2193 841 2244 nonnunquam
874 2183 974 2228 Fea
1005 2181 1223 2254 'meliora
1266 2188 1446 2251 rejicit,

120 2265 362 2323 deteriora
416 2268 618 2330 laudat,
681 2269 794 2318 dein
849 2270 950 2342 bile
1004 2287 1253 2325 commota
1305 2278 1446 2341 furit,

121 2363 429 2425 maximaque
472 2363 671 2409 nomina
717 2363 998 2427 proculcatj
1042 2350 1169 2430 turn,
1217 2373 1446 2419 occasio-

119 2471 235 2504 nem
292 2465 459 2502 nactus
508 2452 568 2501 de
621 2454 768 2504 reb'us
825 2458 1097 2509 notioribus
1150 2459 1444 2525 disserendi,
