1690 2918
11 2220 22 2258 ’.Ψ

577 189 916 226 Bonosum.
1279 192 1407 230 XXXI

101 300 216 344 didit
236 301 378 359 (libro
401 299 546 344 XXX.
575 300 611 352 §.
639 298 686 347 3,
722 288 848 348 5,ὀτ
876 298 991 353 43.);
1033 297 1241 343 discimus
1288 302 1406 343 enim

100 391 232 442 iude,
261 406 392 448 quam
414 388 530 430 bene
556 389 626 430 vel
648 388 695 430 in
725 389 894 430 maiore
927 389 1144 432 Africano
1190 389 1411 447 quadrent

100 481 177 524 ina
818 468 821 470 ’
960 464 962 466 ’

243 591 539 654 INCENDIA
582 600 986 642 CARTHAGINIS
1026 582 1258 649 IMPIAEss

217 702 365 765 ῼιιιψι
384 717 491 744 vero
515 701 573 770 de
599 704 810 759 stigmatis
835 718 913 745 suo
937 703 1187 760 quibusque
1202 703 1314 771 ‘loco
1339 719 1412 746 re·

106 792 323 850 ponendis
346 807 419 834 res
450 802 591 844 esset,
632 793 954 850 perpendimus
988 792 1142 835 sedulo
1187 791 1412 850 quidquid

104 882 185 924 hac
206 883 253 923 in
285 897 336 924 re
363 898 388 924 e
413 882 744 924 scholiastarum
766 881 1150 924 lucubrationibus
1183 882 1312 928 nobis
1345 897 1417 924 su-

107 973 302 1028 peravit;
334 985 526 1028 quorum
554 981 701 1013 tamen
739 971 988 1021 doctrinae,
1022 973 1094 1012 vel
1122 971 1290 1014 iudicio
1321 988 1415 1028 non

105 1061 217 1103 adeo
237 1059 522 1102 tribuendum
544 1057 817 1116 putavimus,
847 1069 895 1120 ut
916 1061 1005 1100 illis
1026 1061 1303 1120 committere
1333 1074 1418 1115 nos

107 1151 390 1194 voluerimus,
421 1151 707 1213 Quapropter
732 1165 869 1206 quum
887 1150 1028 1203 maior
1064 1158 1158 1191 tum
1193 1151 1418 1192 coniectu-

105 1255 207 1291 rae,
236 1246 330 1281 tum
350 1239 608 1295 diligentiae
641 1239 921 1282 adhibendae
947 1239 1147 1294 reliquus
1182 1239 1255 1280 hic
1285 1240 1418 1282 nobis

103 1329 226 1375 locus
243 1329 500 1379 yideretur‚
537 1331 763 1372 severiora
793 1330 1148 1372 hermeneutices
1179 1339 1418 1386 praecepta
1469 1323 1474 1325 i

105 1419 167 1459 ita
191 1420 432 1475 unicuique
452 1429 620 1482 poetae?
642 1420 789 1461 sensui
819 1417 1083 1476 explicando
1110 1417 1417 1460 accommoda-

102 1509 268 1559 vimus,
297 1519 388 1551 uta
412 1510 726 1551 sententiarum
766 1509 1081 1564 perspicuitate
1118 1508 1311 1559 optimus
1349 1507 1419 1549 di-

109 1595 241 1637 cendi
258 1596 415 1638 modus
436 1612 659 1654 nunquam
674 1598 980 1653 seiungeretur
994 1609 1022 1656 ;⁴
1038 1597 1109 1637 cui
1125 1597 1215 1651 legi
1231 1605 1282 1638 ut
1290 1601 1420 1640 unice

103 1700 384 1741 pareremus,
415 1697 582 1728 ceteras
601 1687 675 1728 vix
705 1700 756 1727 ac
779 1701 835 1727 ne
860 1687 935 1728 vix
949 1685 1131 1742 quidem
1150 1667 1416 1729 {adivimus-

103 1775 170 1816 Ex
191 1783 311 1816 tanto
334 1775 517 1815 interim
545 1772 749 1824 fastidio,
779 1776 828 1843 {n
859 1774 982 1831 quod
1009 1762 1151 1817 tenuis
1189 1776 1420 1831 occupatio

111 1861 220 1904 haec
237 1863 457 1905 incideret
476 1879 660 1920 prorsus
708 1843 886 1906 neceffse
926 1873 1045 1914 erat,
1087 1865 1204 1906 hunc
1232 1865 1425 1906 fructum

102 1953 322 2008 cepimus,
351 1962 400 1994 ut
423 1955 515 1995 sola
542 1969 746 1996 sensuum
769 1952 1052 1996 distinctione
1085 1954 1190 1995 freti
1226 1952 1419 1995 duorum

100 2055 308 2084 versuum
346 2045 415 2100 (1)
483 2043 602 2085 Odes
635 2047 674 2087 5.
726 2043 920 2100 Epodon
953 2045 1112 2085 iustam
1149 2043 1411 2084 sententiam

101 2130 476 2187 adipisceremur:
507 2148 620 2189 quos
645 2148 798 2175 versus
818 2133 929 2175 adeo
953 2138 1076 2175 laeva
1110 2133 1419 2188 interpretatio

103 2231 390 2277 corruperat,
419 2232 468 2264 ut
493 2223 637 2264 critici
660 2237 812 2264 omnes
832 2223 881 2264 in
908 2236 984 2264 eos
1005 2223 1268 2272 clamarent,
1305 2237 1419 2264 non-

102 2310 213 2350 nulli
236 2311 369 2351 etiam
392 2313 641 2368 suppositos
661 2311 911 2354 iudicarent
931 2314 1013 2367 (z).
1045 2313 1116 2354 Sic
1141 2313 1411 2377 quandoque

28 2410 43 2415 ”
103 2399 225 2440 tenui
247 2398 422 2448 studio,
453 2399 577 2456 quod
608 2400 796 2443 obscura
822 2400 1051 2458 diligentia
1086 2416 1111 2442 a
1146 2401 1412 2463 quibusdam

46 2602 75 2630 X

51 2638 60 2653 ι

162 2497 227 2544 (1)
257 2510 295 2538 v,
320 2503 381 2536 87.
416 2505 475 2534 88.

160 2555 224 2603 (2)
254 2558 436 2592 Venena!
469 2568 643 2610 magnum
668 2559 747 2604 fas,
778 2559 950 2607 nefasque
973 2574 1048 2597 non
1082 2561 1206 2597 valent

350 2616 570 2651 Convertere
596 2618 792 2653 humanam
817 2617 944 2653 vicem.
