1690 2918
286 154 411 192 XXVI
780 153 1103 187 PRAEFAT10

283 276 373 303 non
401 269 543 300 tamen
571 273 593 298 a
613 274 680 300 me
706 261 811 302 tanti
864 259 973 300 facta
1007 269 1127 310 sunt,
1169 269 1336 308 uttam
1369 265 1579 313 venustis,

285 360 371 392 tam
385 351 517 400 claris
534 350 746 405 poematis
766 358 1158 404 praeponerentur.
1189 350 1450 391 Nostrarum
1473 366 1580 393 vero
1607 334 1610 338 ⁴

285 439 406 496 quod
449 446 544 479 erat
574 439 811 493 praecipue
842 437 1031 494 partium
1065 422 1231 493 e⁵gimus
1261 439 1345 487 ita,
1384 448 1431 480 ut
1470 439 1578 481 haec

284 527 422 571 editio
441 529 628 582 primum
651 525 705 566 ab
726 525 1065 582 orthographia,
1094 525 1259 567 deinde
1283 541 1307 566 a
1339 527 1576 570 lectionum

240 629 245 631 ’
281 616 478 665 delectu,
509 613 710 670 'denique
749 629 775 656 a
809 604 1054 671 stigmatum
1091 617 1406 667 collocatione,
1448 632 1577 674 quam

279 707 464 749 maxime
482 705 581 747 fieri
597 718 679 759 per
698 718 778 745 nos
799 713 996 760 poterat,
1025 703 1420 748 commendaretur.

389 793 465 838 Ad
490 793 844 849 orthographiam
879 794 999 849 quod
1043 803 1231 850 spectat,
1277 795 1465 835 cavimus
1498 809 1575 851 pa-

277 885 389 926 riter
419 880 605 938 nequid
623 882 754 922 nimis
780 881 1066 938 indiligenter
1082 910 1095 932 ,
1121 882 1288 938 nequid
1311 884 1484 924 curiose
1508 884 1578 924 ni-

271 973 356 1014 mis
380 983 620 1027 ageremus,
675 969 806 1032 Quod
849 970 1089 1012 institutum
1118 979 1316 1012 nostrum
1350 971 1573 1012 insimula-

274 1060 414 1110 bunt,
446 1059 633 1115 opinor,
661 1059 863 1100 nonnulli
877 1059 1091 1113 Angliae,
1131 1060 1361 1112 Bataviae,
1393 1060 1575 1101 Germa-

269 1149 394 1198 niae,
423 1157 617 1189 ceterum
641 1146 928 1188 eruditissimi
949 1147 1062 1197 viri,
1093 1149 1168 1202 qui
1192 1162 1328 1204 genus
1345 1147 1467 1190 aliud
1498 1162 1571 1190 or-

266 1235 556 1293 thographiae
583 1234 812 1286 sectando,
845 1236 1028 1277 otiolum
1053 1235 1316 1293 quandoque
1339 1252 1463 1278 suum
1485 1251 1568 1293 po·

265 1326 353 1367 tius
385 1323 648 1376 delectasse',
692 1340 823 1381 quam
870 1324 987 1365 serio
1027 1339 1122 1365 rem
1166 1326 1303 1380 egisse
1344 1325 1565 1367 videntur.

267 1415 404 1470 Spissi
429 1414 547 1455 enim
567 1414 656 1464 illi,
687 1415 937 1469 similesque
969 1415 1016 1456 in
1046 1416 1166 1456 exitu
1189 1428 1310 1456 casus
1339 1416 1564 1472 sententiis

267 1502 632 1558 impedimentum
657 1503 878 1551 afferunt,
915 1503 1118 1544 tenebras
1136 1505 1266 1545 etiam
1281 1504 1567 1554 suffundunt3

262 1601 385 1632 certe
410 1593 447 1633 si
467 1591 523 1632 ad
567 1601 806 1634 nostratum
827 1589 1103 1633 eruditorum
1130 1606 1257 1632 aures
1282 1593 1535 1634 referantur
1551 1619 1565 1642 ,

261 1695 446 1729 vereor,
477 1689 524 1720 ut
546 1689 706 1735 queant
728 1679 921 1722 tolerari.
981 1681 1101 1722 Novi
1117 1695 1200 1736 pro
1224 1680 1304 1721 hac
1329 1680 1555 1723 scribendi

208 1810 210 1813 ,
259 1768 432 1809 ratione
454 1769 703 1809 testimonia
732 1776 929 1808 veterum
961 1779 1344 1813 monumentorum
1375 1770 1562 1810 circum-

254 1856 396 1906 ferri,
427 1857 659 1912 fateorque
679 1858 726 1898 in
749 1854 972 1911 aliquibus
1005 1859 1075 1898 vel
1108 1859 1258 1899 aetatis
1281 1872 1440 1899 aureae
1465 1848 1570 1899 eam'

258 1944 507 1989 desiderari
531 1948 577 1987 in
600 1946 827 1987 literarum
860 1956 1043 1986 occursu
1078 1946 1323 1997 levitatem,
1366 1948 1438 1988 cui
1467 1956 1560 1988 tan-

258 2042 417 2090 topere
439 2033 619 2076 student
646 2035 936 2091 grammatici:
978 2036 1158 2090 (legitur
1192 2037 1310 2077 enim
1337 2050 1419 2077 nec
1454 2050 1556 2077 raro

258 2123 306 2164 in
328 2123 416 2163 illis
437 2126 739 2177 inprovisum,
772 2126 950 2180 conlega
989 2126 1082 2180 (*)‚
1124 2130 1225 2175 cet.)
1266 2133 1309 2165 nt
1346 2139 1474 2174 aera,
1515 2133 1559 2166 et

202 2266 206 2271 .
257 2209 428 2267 lapides
447 2211 528 2253 sub
542 2211 742 2267 Augusto
755 2240 769 2263 ,
781 2249 784 2253 ,
796 2195 930 2253 immo
954 2222 996 2254 et
1008 2213 1251 2269 superioris
1268 2214 1417 2254 aetatis
1430 2227 1557 2270 prae-

254 2299 456 2359 ecferunt.
470 2305 742 2355 imperat-or,
767 2305 994 2359 collegium
1009 2334 1024 2354 ,
1048 2310 1129 2347 cet,
1187 2303 1409 2353 Profecto,
1419 2317 1554 2358 quum

255 2388 313 2430 sit
331 2403 414 2445 par
437 2371 541 2432 hinc
568 2398 611 2432 et
632 2389 736 2433 inde
756 2390 1026 2433 auctoritatis
1054 2401 1322 2433 momentum
1336 2419 1348 2441 ,
1390 2389 1552 2431 adduci

251 2490 343 2518 non
363 2491 564 2534 possum,
591 2488 639 2520 ut
669 2478 871 2528 credam,
906 2481 1071 2524 nullam
1103 2479 1348 2535 euphoniae
1383 2477 1550 2520 haben-

310 2569 370 2620 (*)
404 2573 517 2608 Noris
543 2575 739 2621 Ceuotaph.
772 2575 912 2617 Pisana,
946 2575 1025 2608 Dis.
1054 2576 1119 2611 IV.
1148 2588 1228 2620 cap.
1257 2576 1320 2610 VI.
