1690 2918
234 138 358 179 XXIV
444 164 447 174 ,
591 140 634 176 C.
674 141 808 174 Fam:
848 142 1184 176 PnAnrA'mo.

239 253 304 294 Ee
331 250 440 292 mihi
461 265 551 297 res,
581 263 665 290 non
693 264 757 291 me
783 249 934 297 rebus,
978 249 1236 305 subiungere
1268 266 1424 305 conor,
1453 265 1536 307 pro

241 325 524 366 submictere:
555 331 599 362 et
616 320 726 362 illud
758 325 932 376 percita
941 320 1069 383 flatu
1105 323 1251 366 brevis
1282 328 1443 380 anguis
1473 325 1541 366 lu-

244 411 339 437 cem
361 396 546 450 accipiet
568 409 623 453 ex
642 406 754 438 νει-ε’.
780 396 856 440 ult,
877 393 1030 441 II.sat‚
1056 396 1121 437 8.:
1159 398 1355 439 Canidia
1384 397 1540 457 afflas-

244 481 313 513 sec
351 472 478 524 peior
511 470 786 522 serventibus
818 464 972 528 Afris.
1039 469 1110 509 De
1151 467 1353 510 basilisco
1391 470 1541 510 Horus

243 544 445 597 Hierogl.
466 541 501 583 Ι.
527 547 587 584 1.2
620 545 721 584 Hoc
746 558 910 597 genus,
938 545 980 584 si
1006 545 1136 585 aliud
1166 543 1354 600 quodvis
1379 544 1546 586 animal

246 615 510 677 afflaverit,
550 616 683 666 eciam
706 618 800 658 sine
833 632 974 659 morsu
1000 618 1231 658 interimit.
1260 613 1329 660 Et.
1358 615 1413 658 11⁴
1444 619 1541 660 57,:

247 690 512 733 Accedences
536 687 702 746 afflatu
734 704 811 730 suo
833 692 1031 744 perimit·
1058 687 1270 729 Aelianus
1288 689 1399 729 Hist.
1412 688 1543 732 anim.

247 760 308 807 ΙΙ,
333 764 375 800 5.
403 761 517 811 Plin.
543 761 599 800 H.
622 762 679 807 N.
703 760 827 806 VIII,
860 768 927 805 21.
957 762 1090 803 Solin.
1119 775 1156 804 c.
1183 761 1249 804 40.
1273 761 1545 804 Pausan.IX.

241 823 344 874 '285
377 836 629 882 Hominem,
667 845 716 876 uc
741 838 1012 903 insequentif
1036 838 1212 888 viperae
1239 837 1448 889 impetum
1475 837 1548 877 de-

250 909 462 955 clinat-ec,
502 910 549 948 in
570 907 768 949 arborem
791 910 1011 963 quandam
1042 910 1174 950 celeri
1190 904 1321 965 fuga
1358 925 1403 951 se
1437 925 1550 952 rece-

252 983 399 1035 pisse,
422 995 508 1038 quo
525 995 618 1022 cum
640 981 778 1034 paulo
797 990 902 1034 pose
919 983 1110 1023 venisset
1131 983 1315 1034 vipera,
1341 996 1549 1024 venenum

256 1055 414 1097 arbon·
434 1053 614 1112 afflasse
629 1083 643 1106 ,
686 1063 731 1095 et
751 1055 960 1096 hominem
978 1057 1128 1096 vivere
1153 1055 1347 1096 desiisse.
1381 1054 1420 1097 S.
1445 1046 1552 1095 Hie-

254 1139 467 1182 ronymus
497 1126 545 1166 in
575 1126 790 1166 ⁴versione
826 1126 958 1170 Deut.
1001 1124 1123 1166 VIII.
1159 1132 1246 1168 15.:
1298 1129 1365 1168 Ec
1394 1129 1553 1185 ductor

256 1209 359 1242 tuus
380 1197 485 1259 sisic
511 1202 558 1242 in
586 1201 834 1242 solitudine
873 1215 1057 1254 magna,
1095 1211 1228 1257 acque
1254 1200 1472 1249 terribili,
1506 1205 1553 1243 in

256 1289 347 1331 qua
370 1283 467 1316 erac
489 1288 662 1328 serpens
674 1272 801 1334 flatu
820 1274 1023 1318 adurens.

374 1346 683 1400 Fragmentum
703 1345 789 1386 hoc
807 1346 1048 1401 scripturae
1079 1345 1274 1386 omnium
1304 1346 1554 1402 antiquissi-

259 1432 379 1459 mum
419 1420 571 1474 (certe
611 1427 711 1459 ante
753 1418 899 1458 Titum
940 1417 1288 1473 Imperatorem,
1335 1433 1449 1460 anno
1484 1423 1550 1462 79.

259 1505 389 1532 aerae
431 1491 648 1546 vulgaris,
689 1504 778 1545 quo
821 1490 1117 1531 Herculanum
1149 1505 1174 1531 a
1190 1492 1366 1533 =Vesevi
1406 1493 1556 1547 ignitis

261 1563 567 1620 eruptionibus
591 1562 799 1604 obrutum
830 1562 972 1619 fuit),
1015 1562 1072 1604 ob
1101 1563 1485 1623 orthographiam,
1516 1573 1560 1606 et

262 1636 611 1691 calligraphiam‚
652 1637 700 1676 in
729 1636 794 1675 sui
832 1634 1251 1686 considerationem,
1291 1651 1340 1678 ac
1369 1627 1558 1678 admirass

263 1709 429 1749 tionem
460 1708 667 1749 excitabit
700 1708 809 1748 alios
839 1707 1202 1758 eruditosviros,
1241 1710 1319 1764 qui
1350 1709 1565 1750 conferre*

261 1780 373 1821 illud
394 1789 602 1837 poterunt
623 1793 718 1820 cum
743 1778 1045 1821 celeberrimis
1066 1796 1166 1826 mss.
1188 1781 1331 1830 Livii,
1354 1782 1560 1836 Virgilii,

263 1854 316 1894 iac
347 1854 568 1902 Terentii,
617 1853 801 1907 aliisque
834 1851 1088 1895 huiusmodi
1099 1867 1112 1903 ;
1162 1863 1206 1895 et
1233 1842 1559 1895 canones'‘inde

265 1939 426 1967 eruere
446 1939 543 1966 cum
568 1927 654 1965 iam
680 1927 795 1966 notis
833 1925 1140 1970 conferendos.
1196 1928 1294 1968 Hoc
1318 1942 1453 1967 unum
1483 1925 1561 1967 ad-

265 1998 352 2038 huc
376 1997 603 2047 observes,
629 2007 810 2053 puncta,
831 1998 877 2038 in
903 1998 1050 2039 medio
1066 2026 1079 2048 ‚
1112 2008 1155 2040 et
1182 2000 1299 2040 inter
1325 2014 1454 2041 voces
1474 2000 1562 2040 sin-

269 2071 411 2125 gulas,
448 2079 490 2111 et
511 2072 556 2111 in
579 2072 664 2112 fine
686 2085 890 2121 versuum
916 2070 1150 2121 collocata3
1189 2071 1308 2127 quod
1328 2085 1504 2117 novum.
1536 2099 1543 2102 -
