1690 2918
271 147 435 186 XXVIII
775 147 1092 182 PRAEFA'MO

271 259 454 306 vulnus,·
484 254 610 295 simul
636 267 742 295 vero
768 256 963 297 scodium
983 268 1066 309 pro
1085 258 1276 299 studium
1290 287 1304 306 ,
1335 269 1447 314 aput
1479 271 1562 312 pro

271 347 414 400 apud,
456 345 661 386 ultumum
692 356 776 397 pro
820 345 1046 393 ultimum,
1088 357 1310 390 necutrum
1342 362 1425 403 pro
1467 363 1567 390 neu-

272 447 387 478 trum
422 435 500 487 (1).
534 432 794 494 'Quomodo
836 447 943 488 ergo
974 433 1059 473 sibi
1111 434 1368 489 constabunt
1400 434 1582 477 eruditi

268 523 369 572 isti,
401 522 477 576 qui
503 521 718 562 arbitratu
742 534 846 571 suo,
876 522 1010 563 modo
1033 511 1228 564 veterem
1249 523 1401 573 illum,
1430 508 1565 565 modo

269 611 562 651 recentiorem
582 610 723 659 hunc,
745 624 770 649 a
793 624 881 665 quo
901 610 1143 652 subrustice
1164 613 1408 668 antiquitas«
1419 627 1568 654 emen-

267 697 420 747 datur,
446 699 687 753 scripturae
716 713 886 740 morem
925 698 1198 760 sequuntur?
1238 701 1282 741 Si
1320 715 1426 756 ergo
1463 702 1500 741 Ο
1525 709 1568 742 et

266 788 306 826 V
326 786 482 828 breves
507 788 627 828 nullo
652 787 905 828 discrimine
936 789 1051 835 inter
1078 788 1358 831 scribendum
1390 787 1565 829 habitae

267 885 389 924 sunt;
429 881 500 925 [ut
526 875 763 930 antiquitus
794 876 841 916 in
873 890 999 917 more
1034 877 1223 932 positum
1266 877 1400 917 fu1sse
1435 875 1566 931 docet

264 977 372 1019 prae
394 964 551 1004 ceteris
579 946 717 1004 aenea¹
738 963 884 1004 tabula
923 963 1253 1018 Lugdunensis,
1293 965 1341 1004 in
1375 978 1459 1018 qua
1491 976 1564 1005 oo·

265 1053 448 1094 currunt
471 1066 556 1092 una
579 1062 622 1092 et
639 1056 820 1106 Divus,
852 1062 896 1094 et
919 1056 1091 1096 Divom
1115 1054 1215 1107 (2))
1245 1060 1500 1107 argumento
1514 1049 1563 1092 id

264 1149 345 1190 est,
366 1139 422 1181 ab
447 1141 634 1195 antiquis
663 1141 752 1181 illis
801 1139 929 1181 hasce
965 1140 1113 1180 literas
1140 1141 1201 1180 ita
1228 1140 1422 1195 potuisse
1458 1153 1564 1194 pro-

248 1229 482 1286 nunciari,
537 1238 585 1270 ut
612 1227 732 1269 idem
772 1242 857 1285 per
897 1238 1102 1284 utrasque
1128 1242 1259 1270 sonus
1305 1229 1352 1268 in
1385 1226 1564 1267 auribus

261 1327 509 1367 crearetur3
541 1315 663 1374 quod
691 1330 748 1358 ne
771 1316 1016 1358 conandum
1051 1317 1229 1372 quidem
1255 1315 1384 1358 nobis
1408 1295 1496 1364 est,
1538 1329 1562 1354 a

263 1406 423 1462 quibus
444 1407 504 1448 ita
529 1408 683 1448 literae
704 1405 979 1455 efferuntur,
1013 1414 1059 1447 ut
1078 1422 1102 1447 a
1129 1407 1270 1448 nativa
1296 1407 1489 1461 ipsarum
1518 1405 1562 1444 vi

262 1511 312 1537 ac
349 1504 558 1551 potestate
593 1508 815 1549 nunquam
856 1493 1140 1538 discedamus,
1199 1496 1403 1535 Ceterum
1449 1508 1561 1550 quae

259 1583 534 1627 firmioribus
565 1583 646 1623 niti
670 1581 984 1632 fundamentis,
1018 1583 1085 1623 vel
1105 1582 1338 1624 doctorum
1361 1596 1442 1624 usu
1472 1598 1563 1624 ma-

256 1673 328 1729 ,gis
357 1671 658 1714 commendari
678 1670 809 1712 nobis
840 1670 929 1710 visa
959 1680 1023 1712 est
1057 1670 1399 1726 orthographia,
1447 1670 1560 1712 hanc

256 1762 452 1816 amplexi
475 1772 645 1805 sumus;
676 1760 736 1800 ita
769 1767 937 1808 tamen,
978 1768 1026 1799 ut
1059 1757 1253 1814 lapides,
1297 1768 1340 1800 et
1371 1761 1558 1801 Graecas

263 1850 485 1905 origines,
515 1848 775 1904 praesertim
798 1849 845 1888 in
869 1846 1146 1896 nominibus,
1177 1857 1225 1889 ut
1241 1859 1422 1901 vocant,
1451 1866 1560 1907 pro.

259 1939 396 1995 priis,
427 1938 553 1979 unice
580 1921 931 1983 consuleremus.'

377 2026 520 2080 Magis
546 2039 652 2067 vero
676 2003 902 2082 magisque
935 2025 1144 2067 sollicitos
1195 2038 1275 2066 nos
1313 2024 1467 2075 hahuit
1502 2028 1564 2070 le-

259 2114 453 2156 ctionum
479 2112 685 2156 delectus.
754 2118 811 2158 Ut
839 2113 956 2157 euim
989 2116 1143 2170 ingens
1175 2122 1240 2166 est
1279 2113 1557 2168 eruditorum

258 2216 485 2252 uumerus»,
528 2205 606 2258 qui
638 2182 747 2246 *huic
776 2213 945 2260 <poetae
981 2200 1252 2255 recensendo
1294 2203 1557 2252 sollertiam,

258 2293 330 2333 vel
347 2292 570 2348 ingenium
593 2291 926 2336 commodarunt
959 2303 1107 2339 suum;
1148 2295 1338 2347 quorum
1371 2292 1448 2351 alii
1477 2292 1557 2333 ob-

316 2440 385 2493 (1)
416 2444 578 2480 Fabretti
609 2444 775 2491 Inscript.
807 2425 894 2491 ραὲ.
932 2448 1016 2478 ·226.
1052 2441 1195 2476 Marini
1233 2442 1352 2480 Iscriz.
1393 2441 1548 2480 Albane.

255 2513 290 2537 n.
321 2503 518 2538 CXLVIII.

313 2554 380 2607 (2)
418 2557 564 2596 Gru’terg
598 2571 686 2606 pag.
707 2559 792 2595 DII.
815 2557 883 2593 col,
909 2563 943 2596 2.
