1690 2918
227 228 291 272 vl
723 219 771 258 F.
802 218 854 256 H.
894 216 1108 254 Boram.

236 394 392 445 eaque
425 377 547 426 lecta
592 391 648 423 ac
681 370 858 420 relecta
875 366 919 429 ⁹)
956 365 1130 414 merito
1167 370 1360 427 optasse
1393 353 1540 404 Wol-

236 472 358 521 fium
391 451 626 526 intellexi,
675 476 727 512 ut
762 461 856 511 tale
892 475 1017 524 opus
1054 471 1199 522 quam
1234 450 1341 498 fieri
1376 455 1544 512 posset

239 564 445 612 maxime
499 557 836 622 divulgaretur.
921 554 1042 598 Nam
1096 549 1197 595 sive
1252 538 1559 606 antiquitatis-

241 649 398 704 on'inis
452 651 780 716 cognitionem
824 647 873 692 in
920 642 1105 692 editore
1146 635 1330 685 Horatii
1372 629 1549 695 requi-

240 764 347 808 ras,
383 747 461 794 cui
497 744 649 808 magis
686 743 840 788 inesse
876 753 983 784 eam
1019 731 1347 797 cognitionem
1383 721 1551 771 existi-

243 854 349 886 mes
414 851 560 902 quam
614 833 963 897 Antiquitatum
1014 826 1343 874 Romanarum
1399 828 1553 879 prae-
1607 790 1611 793 ¹

248 930 426 979 fecto?¹
465 930 566 976 sive
611 941 786 989 magna
830 932 876 968 et
922 918 1151 982 exquisita
1190 911 1430 958 librorum
1465 921 1557 951 su·-

247 1021 487 1090 pellectile
516 1021 800 1067 instructum
831 1026 942 1058 eum
973 1008 1166 1070 cupias,
1203 1001 1287 1066 qui
1313 996 1364 1045 id
1393 1009 1560 1044 saxum

249 1114 448 1164 volvere
491 1126 637 1160 ausus
679 1106 844 1164 fuerit,
892 1099 1013 1166 quid
1049 1113 1147 1144 non
1184 1085 1564 1156 exspectandum

253 1228 283 1259 a
326 1211 456 1268 viro,
511 1205 590 1252 cui
636 1199 699 1249 ad
744 1211 945 1245 manum
991 1190 1164 1238 suerint
1210 1183 1405 1232 codices
1450 1179 1563 1225 Mss.

254 1299 500 1358 Vaticani,
544 1293 784 1352 Chisiani,
825 1279 1072 1351 Angelici‚'
1111 1277 1388 1333 Barberini,
1434 1273 1567 1333 Gre-

259 1395 469 1462 goriani,
514 1383 837 1440 Vallicellani,
882 1390 927 1426 et
975 1368 1213 1441 quidquid
1254 1372 1439 1416 Romae
1483 1361 1571 1409 suit

262 1484 501 1535 interioris
536 1490 683 1527 notae
717 1467 1143 1522 membranarum?
1178 1487 1248 1496 —-
1299 1459 1428 1507 Juris
1460 1457 1568 1503 Ro-

264 1580 398 1629 mani
462 1573 681 1622 notitiam
749 1563 1050 1614 subtiliorem
1114 1554 1276 1616 multis
1337 1552 1388 1596 in
1450 1544 1605 1593 locis'

266 1668 586 1720 necessariam
637 1674 801 1708 censes
847 1652 1020 1700 editori
1064 1642 1359 1694 Horatiano?
1429 1639 1579 1685 Jure—

271 1761 522 1814 consultus
550 1753 662 1804 vFea
706 1761 790 1799 est.
823 1771 894 1780 —
955 1745 1123 1807 Neque
1168 1731 1370 1795 intelligi
1416 1742 1579 1791 neque

538 1848 740 1898 omnino
775 1841 921 1907 Posse
940 1845 1096 1900 ⁴putas
1123 1838 1369 1878 auctorem
1397 1818 1583 1885 patriae

275 1854 502 1922 explicari

1303 1914 1585 1974 ubicunque

279 1945 685 1998 amantissimum,
738 1935 830 1981 nisi
883 1927 944 1978 ab
998 1941 1083 1984 eo,
1139 1922 1249 1987 qui,

279 2039 361 2087 ille
398 2030 592 2099 tempus
627 2029 779 2093 degit,
815 2041 873 2071 eo
909 2021 1053 2068 etiam
1089 2017 1195 2079 ipse
1226 2027 1278 2058 se
1311 2000 1586 2076 contulerit,

282 2129 509 2194 illiusque
544 2121 677 2171 velut
712 2115 920 2180 vestigiis
956 2106 1207 2158 institerit?
1261 2088 1475 2148 Niceusis
1507 2089 1590 2138 hie

288 2233 380 2282 est,
423 2222 609 2268 Romae
643 2210 895 2268 educam,
942 2204 1026 2270 qui
1065 2209 1217 2248 totam
1250 2191 1435 2241 Italiam
1467 2200 1592 2251 per-

1303 2383 1343 2408 ae
1365 2382 1386 2404 a
1404 2356 1595 2403 'Francisco

1403 2422 1491 2461 1811
1504 2448 1516 2469 ‚
1561 2427 1598 2462 a

384 2399 419 2443 *)
463 2400 600 2433 Excusa
629 2400 683 2430 est
705 2393 819 2427 altera
841 2388 914 2433 eius
936 2384 1055 2431 operis
1079 2381 1188 2415 editio
1213 2379 1300 2411 Rom

293 2453 458 2499 Boni-lie,
502 2452 640 2487 duobus
681 2445 940 2486 voluminibus,
985 2440 1081 2477 foliis
1111 2437 1227 2476 senis,
1273 2440 1370 2467 anno

295 2516 430 2552 ibidem
446 2517 587 2559 prostat
606 2509 702 2557 apud
723 2504 872 2542 heredes
898 2500 1018 2544 Raggii
1036 2492 1269 2539 bibliopolas.
1323 2518 1325 2520 .
