1690 2918
16 2833 40 2918 mv·
32 2811 39 2817 ,

83 2907 90 2913 ,

603 174 938 213 ΡιΑιιΑωιο.
1348 175 1439 212 XIX

129 294 176 328 et
192 284 476 343 Propertius,
503 282 659 327 eadem
685 297 828 342 prope
849 283 992 325 forma
1016 283 1222 341 plurimis
1248 253 1431 327 iii-*locis

130 359 340 414 castigati.
354 356 484 421 Quod
496 358 545 400 in
559 365 830 399 antecessum
841 357 1079 410 monuisse,
1086 357 1171 400 tibi
1182 371 1273 401 non
1284 358 1432 415 ingra-

123 442 217 475 tum
240 432 362 482 fore,
390 444 585 487 auguror
611 430 738 473 mihi.

242 503 417 546 Dabam
450 518 507 547 ex
553 502 832 546 Bibliotheca
879 501 1084 547 chisiana
1121 503 1276 546 Idibus
1312 504 1431 560 Aug.

125 577 414 622 MDCCCXI.

185 714 234 744 10
266 706 548 751 Linea-texta,
579 713 623 744 'ex
644 719 740 752 ms„
780 715 865 744 sunt
894 707 998 751 vela,
1038 718 1132 757 quae
1162 707 1202 744 in
1243 707 1330 744 navi
1365 720 1433 744 ne-

125 763 279 800 cessaria
302 773 428 809 erant,
461 778 506 801 ex
524 777 631 801 versu
664 765 920 814 praecedenti,
962 773 1005 800 ut
1027 764 1172 812 flamen
1201 766 1430 813 exciperent;

127 830 237 869 atque
259 821 396 866 etiam,
435 832 476 858 ut
506 822 698 858 coniuncta
724 821 886 870 injlexae
914 824 1058 861 carinae
1087 822 1210 858 navim
1234 835 1433 871 compone-

125 887 221 915 rent.
262 871 433 924 Ineptum
472 887 529 914 est
562 879 750 928 vulgatum
776 881 911 928 pinea,
949 888 984 914 et
1020 880 1152 915 inutile
1163 891 1174 920 ς
1216 892 1330 930 quum
1353 879 1430 916 iam

127 936 215 971 satis
235 936 361 969 carina
383 933 551 981 inflexa,
581 948 664 982 pars
687 948 754 983 pro
790 945 894 980 toto,
933 936 1057 972 navim
1087 936 1291 982 significet,
1321 946 1362 972 ut
1390 949 1427 975 v.

131 996 216 1030 249.
249 993 328 1026 Imo
348 999 383 1026 et
406 992 615 1033 aan-dum.
655 993 756 1041 Quid
787 993 886 1028 enim
920 993 1030 1040 pinea
1064 1001 1162 1028 texta
1202 994 1345 1028 carinae
1372 995 1430 1029 in·

128 1048 274 1084 fiexae3
303 1049 365 1084 An
394 1062 468 1084 non
494 1049 615 1084 carina
632 1049 710 1096 ipsa
735 1040 871 1086 inflexa
908 1062 953 1085 ex
978 1049 1069 1097 pinu
1111 1058 1282 1085 contexta
1320 1051 1427 1087 erat?

126 1108 311 1153 Deceptus
327 1113 381 1139 est
398 1106 607 1150 Mamilius,
636 1115 672 1141 et
691 1106 735 1142 ab
756 1119 800 1142 eo
821 1107 1000 1154 Vulpius,
1029 1106 1168 1155 aliique
1187 1109 1425 1155 Interpretes,

127 1163 208 1198 loco
232 1161 358 1198 Ovidii
378 1163 407 1198 1.
430 1162 543 1198 Trist.
569 1168 602 1200 3.
625 1170 746 1200 111.τ
776 1163 890 1199 Pinea
911 1173 1019 1199 texta
1036 1174 1191 1203 somme,-
1220 1163 1322 1212 pulsi
1339 1167 1429 1201 stri-

126 1219 217 1256 dore
238 1219 433 1257 rudentes,-
461 1219 524 1254 ubi
547 1220 658 1267 pinea
683 1228 812 1265 texta,
841 1221 920 1257 sine
945 1221 1092 1266 addito,
1123 1229 1195 1256 stat
1213 1235 1280 1269 pro
1303 1225 1429 1257 carina

128 1276 290 1324 inflexa,
321 1276 360 1311 id
392 1283 446 1312 est
479 1278 578 1314 navi.
620 1278 725 1314 Idem
753 1278 850 1313 dicas
879 1278 910 1315 1.
945 1279 1043 1315 Fast.
1081 1283 1166 1318 506.
1201 1281 1306 1316 XIV.
1337 1281 1428 1318 Met.
1466 1311 1479 1326 ,

132 1340 220 1373 640.
234 1359 246 1377 ,
276 1332 338 1368 ubi
355 1332 454 1369 idem
472 1328 625 1371 modus.
659 1336 754 1371 Levi
777 1333 994 1372 volitantem
1005 1334 1160 1382 flamine
1183 1350 1338 1382 currum,
1359 1347 1427 1381 est,

130 1391 231 1441 quod
251 1390 364 1426 linteo
386 1389 514 1426 volare
536 1404 645 1429 carm.
665 1393 736 1434 1v.
765 1400 816 1437 5.,
846 1401 882 1429 et
909 1393 1006 1428 infra
1034 1404 1070 1431 v.
1094 1398 1184 1433 84·:
1226 1395 1334 1430 Nave
1355 1394 1430 1430 levi

128 1450 268 1492 nitens,
296 1460 339 1482 ac
362 1445 502 1483 lenibus
524 1450 634 1486 auris.

249 1527 298 1558 ¹8
332 1521 531 1557 Umblicum
560 1530 662 1556 tenus
681 1531 882 1560 exstantes.
918 1522 1115 1570 vulgatam
1142 1521 1339 1559 lectionem
1363 1538 1432 1560 ηιι-

129 1580 256 1615 tricum
279 1587 382 1613 tenus
405 1578 500 1614 male
525 1576 689 1614 defendit
710 1579 860 1614 Vossius
874 1604 885 1623 ‚
931 1588 968 1614 et
995 1590 1040 1615 ex
1061 1593 1104 1615 eo
1130 1580 1287 1628 Vulpius
1301 1608 1312 1625 ,
1341 1594 1428 1629 prae

130 1637 243 1672 altera
262 1633 454 1670 amblicum
475 1644 602 1679 tenus,
632 1647 740 1684 quam
758 1635 835 1683 ipse
854 1644 998 1684 quoque
1010 1632 1051 1672 in
1067 1637 1282 1685 quibusdam
1297 1651 1425 1674 exem-

127 1693 288 1740 plaribus
308 1692 479 1740 scriptam
500 1691 667 1734 invenit,
696 1704 848 1741 eamque
883 1692 1069 1741 explodit,
1108 1702 1148 1729 ut
1176 1704 1425 1732 commentum

127 1749 380 1805 imperitorum
410 1748 626 1795 hommum,
667 1749 932 1794 nescientium,
970 1751 1125 1786 nutrices
1149 1752 1333 1799 eleganter
1363 1755 1424 1790 hie

126 1806 305 1854 appellari
338 1805 447 1841 ubera
476 1799 690 1847 Nereidum.
742 1807 851 1843 Unde
892 1808 986 1843 hane
1022 1809 1240 1856 elegantiam
1281 1811 1428 1847 Catullo

127 1863 327 1910 appingat,
356 1876 430 1898 nou
448 1862 562 1898 ’ἆίοἰῑ.
596 1866 721 1900 Unum
756 1865 945 1900 advertere
969 1873 1131 1912 poterat,
1164 1867 1231 1902 hae
1251 1868 1425 1904 emenda-

127 1921 253 1964 tione,
282 1929 319 1956 et
345 1920 598 1978 expositione,
645 1921 844 1969 elegantius
874 1920 1067 1970 legendum
1102 1934 1179 1958 esse
1211 1925 1250 1959 in
1279 1938 1429 1972 praeee-

127 1977 230 2012 denti
264 1983 401 2022 versu,
428 1986 573 2025 pectore
610 1990 676 2026 pro
711 1992 875 2027 corpor-,e
919 1981 969 2015 At
1002 1980 1151 2015 videant
1190 1981 1428 2029 eruditiores,

126 2033 324 2079 Nereides,
353 2045 415 2069 seu
437 2034 626 2082 Nymphas
643 2036 847 2084 aquaticas,
886 2037 926 2071 iu
961 2037 1118 2086 antiquis
1151 2041 1428 2094 monumentis,

127 2090 299 2139 picturis,
324 2091 500 2135 musivis,
532 2100 566 2126 et
583 2094 821 2140 anaglyphis,
850 2106 923 2128 non
940 2095 1032 2129 adeo
1059 2078 1223 2130 modeste
1244 2107 1358 2145 usque
1375 2099 1422 2133 ad

127 2159 327 2191 mammas,
354 2148 419 2183 sed
439 2117 632 2184 uniblicum
651 2158 753 2185 tenus
773 2150 885 2186 nudas
900 2153 1307 2199 repraesentari3'11tin
1320 2167 1427 2202 capsa

129 2205 324 2252 sepulcrali
343 2217 545 2241 marmorea
566 2197 684 2242 Musei
708 2208 907 2256 Capitolini
923 2209 1020 2256 apud
1042 2210 1198 2256 Poggin.
1223 2217 1248 2243 t.
1268 2212 1332 2249 IV
1350 2213 1422 2248 tab.

131 2267 190 2298 62
214 2273 251 2308 p.
281 2265 371 2302 303.
360 2275 396 2303 ,3
422 2263 462 2298 in
481 2261 630 2300 musivis
651 2263 748 2312 apud
772 2267 921 2301 Petrum
960 2267 1069 2303 Sante
1091 2266 1247 2311 Bai-toli,
1270 2275 1309 2303 et
1339 2271 1428 2306 Bel-

130 2318 267 2354 lorium
287 2318 379 2355 Pict.
402 2319 519 2368 antiq.
544 2329 663 2369 crypt.
679 2323 790 2362 Rom.
812 2323 960 2360 tab.17.
985 2328 1044 2361 18.
1060 2329 1120 2361 19.
1134 2348 1148 2368 ,
1178 2331 1214 2358 et
1225 2326 1427 2366 Montfauc.

134 2377 223 2416 Ant,
241 2375 339 2423 expl.
361 2376 482 2424 suppl·
505 2384 594 2414 tom·
623 2386 660 2420 1.
685 2379 759 2418 tab.
790 2386 851 2419 27.
883 2379 943 2416 Sic
975 2381 1072 2428 apud
1107 2379 1310 2416 Lucienum
1332 2385 1430 2424 Dial.

82 2455 86 2466 1
134 2432 265 2470 man'n.
288 2444 326 2470 n.
351 2439 414 2471 15.
437 2434 474 2479 §-
503 2439 538 2471 3.
562 2442 655 2471 tom.
678 2442 714 2474 1.
743 2449 781 2484 p.
820 2444 905 2477 327.
940 2438 1034 2473 edit.
1059 2438 1198 2479 Reitz.;
1231 2439 1432 2486 Nereides,

135 2487 284 2526 comites
307 2491 404 2526 Iovis
422 2491 461 2526 in
484 2491 643 2528 Taurum
667 2495 829 2530 conversi
858 2494 1070 2543 abripientis
1091 2496 1302 2543 Europam,
1332 2507 1437 2534 erant

79 2575 87 2580 .
138 2550 320 2596 ἦμὶγυμνσι
340 2549 379 2585 αἱ
399 2551 526 2586 πολλαὶ
547 2550 754 2585 seminudae
777 2552 924 2589 multae.
966 2554 1021 2587 Ita
1037 2552 1193 2587 fortasse
1211 2562 1323 2600 ponto
1326 2552 1438 2601 fere-

142 2604 275 2640 bantur
302 2605 403 2642 Deae
423 2605 550 2655 pelagi
570 2608 667 2655 apud
689 2608 885 2656 Virgilium
905 2611 971 2648 IX.
985 2610 1053 2647 Ae.
1079 2616 1165 2647 120.
1178 2622 1190 2652 ;
1220 2619 1256 2645 et
1278 2611 1328 2646 ita
1341 2625 1437 2658 vere,

1215 2784 1220 2800 l
