1690 2918
239 155 345 191 XXX
715 156 1030 190 Puni-Amo

233 262 549 318 Epistularum,
591 270 634 303 et
652 263 774 303 Artis
798 263 1022 318 poeticae,
1069 265 1317 322 Satyrarum
1338 254 1439 318 ¹duo
1472 281 1528 310 ex

216 392 220 397 ,
234 350 394 392 eodem
406 352 614 393 thesauro·
624 365 844 393 accessere
855 365 867 401 ;
899 354 1074 394 tertium
1086 353 1320 397 Zeladiana
1336 356 1527 397 suffecit.

350 485 493 546 Quum
538 497 643 525 vero
671 484 876 526 volumen
922 483 1038 526 istud
1080 499 1130 526 ea
1176 481 1394 527 edendum
1431 486 1528 541 lege

232 574 538 630 suscepissem,
567 581 616 614 ut
654 572 799 613 nullus
833 572 1130 614 notationibus
1154 573 1275 616 locus
1311 552 1425 616 esset
1456 587 1528 615 re-

231 664 382 712 lictus,
413 663 485 703 vix
504 662 583 701 ulli
608 661 787 701 fuerunt
820 662 917 702 usui
936 666 1000 713 (1)
1037 663 1245 703 lectiones
1277 661 1527 704 mehercule

232 752 389 801 scitae,
422 760 467 791 et
501 749 682 799 doctae,
723 750 769 790 in
815 763 945 805 quas,
985 750 1088 792 dum
1123 751 1299 793 codices
1332 751 1450 791 inter
1483 764 1528 792 se

232 837 589 887 conferebamus,
617 836 867 879 incidimus.
932 840 1125 896 Contigit
1155 849 1300 880 tamen
1337 846 1386 879 ut
1417 853 1530 882 non-

230 929 394 969 nullam
416 927 738 976 coniecturam,
769 926 840 966 cui
861 925 1059 967 nondum
1080 928 1312 968 auctoritas
1337 940 1528 968 accesse-

169 1026 177 1029 “’
231 1027 327 1066 rat,
354 1026 605 1058 nostrorum
639 1023 836 1056 textuum
864 1013 953 1083 fide
983 1015 1353 1063 confirmaremus.
1394 1017 1529 1058 Cuius
1586 1028 1589 1030 ·

231 1106 300 1146 rei
323 1120 378 1147 ex
412 1103 615 1161 pluribus
644 1083 995 1160 lociskexemIJlo
1027 1104 1102 1154 sit,
1144 1103 1266 1160 quod
1300 1094 1527 1146 Bentleius

228 1193 487 1237 coniectavit
507 1191 563 1233 de
589 1207 718 1233 versu
742 1195 808 1236 15.
835 1192 919 1239 Od,
943 1190 1061 1235 XVI.
1086 1191 1229 1248 Epod.
1249 1194 1315 1250 (2)
1335 1195 1526 1237 Monen-

227 1281 309 1323 dus
331 1290 436 1322 vero
472 1279 601 1323 nobis
631 1281 703 1322 hic
740 1279 879 1323 lector
907 1291 995 1332 est,
1014 1296 1105 1323 non
1129 1264 1396 1323 commisisse
1421 1295 1520 1330 nos,

226 1382 276 1414 ut
308 1371 471 1413 diutius
494 1354 611 1411 inter
629 1370 712 1412 hos
740 1369 1039 1426 lepidissimos
1079 1369 1226 1411 locum
1258 1368 1346 1410 sibi
1381 1367 1529 1410 vindi-

227 1468 376 1501 carent
398 1460 561 1500 inficeti
580 1460 647 1500 illi
674 1474 853 1510 versus,
878 1461 954 1515 qui
975 1460 1022 1500 in
1056 1458 1183 1500 Oden
1217 1458 1445 1514 septimam
1483 1466 1528 1498 et

226 1549 438 1590 decimam
460 1546 567 1588 libri
588 1549 623 1590 3.
649 1551 744 1605 (3),
777 1559 975 1605 quartam
998 1548 1174 1596 libi-14.
1209 1548 1301 1602 (4),
1331 1544 1528 1602 denique

222 1639 271 1680 in
296 1617 493 1693 Satyram
519 1637 719 1696 quintam*
737 1637 876 1692 primi
895 1637 1173 1692 irrepserunt
1192 1635 1272 1690 (5).
1331 1633 1405 1684 Ad
1427 1649 1529 1675 vex·-

225 1741 320 1767 sum
345 1726 410 1765 18.
444 1723 566 1766 Odae
590 1726 632 1766 8.
654 1723 763 1766 libri
784 1725 823 1766 4.
852 1723 972 1786 quod
998 1724 1216 1779 pertinet,
1247 1723 1381 1765 fuisse
1401 1724 1528 1764 illum

172 1836 176 1839 ⁴
221 1812 389 1855 iudicio
413 1812 691 1868 quorundam
713 1812 845 1853 nimis
867 1826 1020 1854 severo
1060 1811 1279 1863 deletum,
1320 1813 1422 1853 satis
1454 1827 1527 1854 su·
1559 1800 1562 1802 ’

222 1916 394 1959 perque
417 1910 676 1958 argumento
702 1910 830 1952 sunt,
860 1915 971 1958 quae
995 1901 1147 1942 Livius
1165 1901 1405 1945 memoriae
1418 1917 1528 1959 pro-

281 2047 348 2102 (1)
382 2052 476 2088 Vide
496 2063 616 2089 tamen
636 2066 697 2090 ex.
723 2065 756 2089 e.
785 2051 867 2089 ode
889 2053 990 2089 XVI.
1015 2051 1133 2100 Epod.
1156 2065 1194 2090 υ.
1211 2057 1269 2090 29.
1291 2050 1352 2086 ubi
1374 2064 1423 2086 ex
1452 2051 1524 2087 Co-

223 2110 304 2146 dice
343 2110 511 2146 chisiano
548 2111 757 2160 proruperit
790 2110 1002 2158 Apenninus
1025 2111 1244 2158 reposuimus
1276 2108 1356 2144 loco
1379 2108 1524 2157 vulgati

218 2167 449 2214 procurrerit.

284 2221 352 2275 (2)
385 2222 495 2260 Forte'
517 2221 638 2273 (quod
661 2219 851 2274 expediat)
877 2221 1139 2266 communiter,
1169 2231 1231 2258 aut
1267 2223 1399 2259 melior
1429 2233 1513 2270 pars

507 2282 614 2317 Malis
631 2294 755 2317 ¹carere
790 2281 960 2330 quaeritis
978 2278 1173 2317 laboribus.
1313 2288 1316 2289 ’

219 2340 278 2375 Ita
301 2337 491 2386 legebatur
515 2351 564 2373 ex
593 2340 795 2374 coniectura
825 2347 962 2373 tantum
974 2350 988 2376 ‚·
1012 2336 1121 2372 liceat
1141 2350 1232 2373 nunc
1251 2350 1301 2373 ex
1325 2335 1405 2373 >Ms-

285 2392 352 2445 (3)
383 2397 538 2444 Quando
558 2404 592 2430 et
613 2396 751 2442 priores
772 2415 831 2424 --
851 2394 950 2430 ducis
964 2394 1142 2440 originem
1160 2404 1230 2430 etc.
1260 2408 1297 2433 v.
1323 2402 1356 2430 2.
1370 2403 1405 2428 et
1419 2388 1515 2441 ,ςεᾷφ

284 2450 351 2503 (4)
382 2480 497 2490 .....
528 2453 656 2500 quibus
675 2455 755 2489 Mos
784 2452 880 2487 unde
901 2467 959 2476 —
984 2453 1061 2489 Nec
1083 2452 1173 2487 scire
1199 2452 1252 2487 fas
1283 2459 1335 2487 est
1369 2451 1513 2489 omnia':

229 2510 291 2543 sed
316 2518 384 2550 etc,
413 2523 451 2549 υ,
472 2516 532 2546 18.
556 2522 650 2558 seqq.

286 2563 349 2616 (5)
379 2568 454 2615 Qui
475 2568 572 2602 locus
592 2579 611 2602 a
635 2567 725 2602 ἴοι-[ἶ
747 2566 926 2603 Diomede
951 2573 1004 2598 est
1030 2564 1198 2600 conditus
1216 2562 1304 2600 olim
1321 2576 1357 2602 v,
1385 2570 1449 2604 92,
