1690 2918
621 169 964 208 PaAurAmo.
1256 173 1261 178 '
1343 171 1455 208 XVII

150 281 188 322 si
206 279 370 323 lubeat.
412 278 511 320 Hoc
540 291 648 334 prae
679 278 837 324 ceteris
857 277 1056 334 partibus
1084 276 1334 320 faciendum
1372 295 1455 335 pu-

128 348 237 394 ‘tavi
263 353 310 393 in
330 350 534 407 pluribus
556 351 752 394 Odarum
782 350 914 400 locis;
953 349 1009 392 ad
1041 361 1167 393 notas
1197 351 1294 394 Iani
1319 353 1457 394 lecto-

151 438 247 467 rem
273 426 522 474 remittens,
554 424 591 465 si
615 438 728 480 quae
749 422 804 464 ab
826 437 879 464 eo
907 422 1052 478 probe
1086 424 1254 466 firmata
1278 409 1457 467 *consis-

153 507 249 539 tere
275 498 491 538 noverim.
533 498 655 560 Quae
691 495 1038 552 desperata.non
1064 507 1228 553 pauca,
1265 509 1340 540 aut
1370 498 1460 541 dif.

152 571 363 621 ficiliora,
391 578 464 610 aut
488 580 685 626 suspecta
715 579 815 611 sunt
833 569 980 610 habita
1004 570 1135 612 etiam
1161 572 1462 628 perspicacio-

154 642 278 684 ribus
298 642 647 698 Interpretibu83
690 643 766 684 illa
799 642 996 684 animose
1025 644 1294 699 conquisivi:
1337 654 1382 686 et
1413 654 1463 687 ut

154 716 264 756 mihi
296 714 456 756 videor
479 714 666 767 vidisse,
707 730 758 757 ea
789 717 849 758 ita
881 717 1187 768 confirmares
1207 732 1460 775 exponere,

155 803 206 830 ac
223 789 412 830 aliorum
435 789 705 845 Scriptorum
734 798 959 840 veterum,
987 800 1462 849 monumentorumque

155 862 320 903 fultura
343 860 569 902 elucidare
592 861 770 903 adnisus
791 876 910 912 sum;
941 872 991 904 ut
1030 863 1234 920 erudito,
1277 865 1430 906 critico
1445 891 1461 914 ,

155 949 350 989 sanoque
376 936 556 975 Lectori
588 936 734 975 nullus
764 937 952 990 amplius
979 945 1054 976 aut
1089 935 1345 987 dubitandi,
1389 947 1463 979 aut

159 1006 435 1064 disputandi,
464 1008 654 1063 supersit
683 1006 826 1047 aditus
852 1009 937 1062 (n).
978 1011 1030 1049 In
1056 1010 1256 1066 Satyras,
1286 1011 1461 1067 Episto-

157 1083 244 1131 las,
277 1090 320 1122 et
345 1079 501 1122 Artem
521 1080 738 1135 poeticam
768 1079 1017 1134 impensius
1042 1080 1212 1131 adhuc,
1249 1098 1379 1139 quam
1414 1084 1463 1125 in

159 1154 293 1203 Odis,
320 1155 555 1208 tritiusque
577 1150 784 1201 incubui3
814 1152 918 1207 quia
952 1152 1170 1194 medicam
1202 1167 1375 1197 manum
1404 1158 1465 1197 si-

154 1236 284 1283 gnate
308 1224 587 1281 flagitabant,
617 1233 791 1282 curatae
816 1226 1017 1280 segnius,
1047 1236 1121 1268 aut
1147 1230 1370 1284 neglectae
1405 1229 1461 1270 ab

157 1301 276 1350 aliis,
317 1301 393 1356 qui
429 1299 613 1355 plurimi
629 1297 795 1351 AOdas‚
838 1306 887 1339 ut
917 1298 1224 1350 sublimiores,
1265 1310 1309 1342 et
1349 1317 1462 1358 quae

157 1373 340 1416 uberius
359 1373 630 1414 Graecorum
660 1372 938 1428 Scriptorum
956 1372 1094 1423 locis,
1134 1382 1177 1415 et
1206 1373 1464 1430 fragmentis

159 1447 364 1488 analectis
383 1444 589 1486 inferciri
615 1454 797 1500 possunt
816 1447 911 1502 (ο),
941 1447 1071 1488 unice
1087 1474 1100 1496 ,
1119 1455 1164 1487 et
1188 1448 1361 1488 enixius
1386 1462 1463 1488 ex-

159 1519 405 1562 coluerunt.
448 1517 606 1558 Artem
635 1519 854 1572 poeticam
888 1519 1114 1560 innumeri
1149 1529 1268 1560 certe
1303 1519 1466 1560 obrue-

160 1600 264 1631 runt
283 1590 612 1631 commentariis
632 1589 800 1646 oppido
826 1605 956 1647 quam
978 1591 1267 1647 ponderosis3
1299 1591 1376 1633 sed
1388 1607 1467 1648 pe-

159 1663 428 1719 ripateticis,
457 1671 715 1704 autsumme
737 1662 1036 1712 didascalicis3
1065 1665 1138 1705 vix
1159 1678 1366 1720 umquam
1379 1667 1467 1706 cri-

160 1736 259 1777 ticis
282 1736 364 1792 (1²).
393 1735 708 1777 Necessitatem
737 1738 968 1778 universae
999 1735 1254 1790 huiusmodi
1284 1739 1469 1794 repasti-

217 1851 287 1904 (ιε)
317 1855 414 1891 Vide
435 1864 524 1894 tom.
547 1857 579 1890 Ι.
603 1869 640 1903 p.
664 1847 719 1892 34.
752 1867 787 1891 v.
819 1862 884 1894 37.
912 1862 972 1893 38.
1000 1862 1059 1894 86.
1087 1870 1123 1896 v.
1148 1862 1207 1893 50.
1233 1863 1316 1893 160.
1339 1870 1375 1896 v.
1406 1862 1465 1897 29.

161 1917 248 1949 163.
275 1924 313 1950 v.
344 1919 404 1949 17.
431 1919 514 1951 177.
536 1926 571 1950 ν.
599 1920 661 1950 13.
691 1919 780 1951 190.
802 1926 838 1951 v,
862 1921 924 1955 29.
951 1919 1035 1951 214.
1060 1927 1094 1949 v.
1131 1921 1191 1949 87.
1215 1928 1292 1964 seq.
1319 1923 1406 1954 244.
1425 1929 1464 1951 v-

161 1975 222 2007 15.
251 1975 334 2007 247
365 1983 398 2005 v.
417 1977 482 2008 41.
513 1975 599 2007 249.
628 1983 662 2011 V.
689 1977 748 2009 57.
773 1977 834 2008 58.
865 1979 954 2010 25⁵.
978 1985 1012 2007 V
1042 1980 1104 2010 60.
1129 1979 1212 2012 262.
1235 1986 1273 2009 v.
1297 1979 1354 2012 25.
1379 1978 1467 2010 269-

159 2039 196 2064 v.
217 2031 276 2062 65.
300 2039 400 2075 seqq.
427 2030 477 2064 11.
508 2034 543 2064 6.

221 2079 287 2131 (0)
319 2087 360 2120 In
380 2087 450 2120 hoc
479 2087 661 2120 excellunt
689 2087 741 2121 D.
775 2087 975 2130 Heinsius,
1016 2087 1194 2124 Henricus
1230 2087 1470 2136 Wugnerus,

165 2141 327 2183 sivrius,
355 2143 458 2185 Iani,
486 2152 525 2178 et
549 2143 812 2180 Mitscherlioh.

223 2193 288 2247 (P)
317 2199 375 2234 De
405 2212 500 2234 novo
531 2199 684 2243 ordine,
727 2213 800 2248 quo
842 2200 972 2237 Artem
1005 2200 1187 2249 poeticam
1215 2202 1469 2239 reconcinnare

165 2263 355 2290 tentarunt
372 2257 422 2295 D.
443 2257 638 2303 Heinsius,
668 2258 876 2301 Petrinius,
906 2259 993 2302 alii,
1017 2259 1056 2294 id
1075 2259 1183 2294 unice
1200 2260 1340 2302 dicam
1359 2260 1467 2295 inum

169 2312 383 2347 scholastica
403 2315 600 2350 tentamina
619 2327 768 2361 sapere,
798 2323 834 2350 et
854 2324 1069 2363 potestatem
1094 2317 1274 2364 quidlibet
1294 2316 1467 2353 audendi.

171 2370 237 2406 Cui
263 2369 362 2404 enim
380 2372 596 2416 persuadere
619 2380 792 2418 poterunt
811 2380 966 2409 sartores
982 2374 1069 2416 isti,
1098 2375 1156 2409 vel
1167 2375 1470 2416 Grammatieum,

167 2426 226 2462 vel
248 2427 516 2464 Amanuensem
536 2437 598 2463 aut
617 2441 724 2473 casu,
757 2438 819 2465 aut
836 2431 1027 2474 consulto,
1064 2430 1119 2466 ita
1150 2440 1206 2467 tot
1234 2432 1470 2480 longissimae

172 2484 356 2530 Epistulae.
380 2485 551 2528 lacinias,
584 2486 675 2521 adeo
699 2487 885 2532 diversas,
914 2500 955 2523 ac
978 2489 1074 2523 inter
1093 2501 1132 2524 se
1170 2490 1314 2525 dissitas
1330 2513 1342 2532 ,
1379 2488 1470 2536 quin

173 2541 284 2576 etiam
302 2553 424 2577 versus
450 2543 490 2577 in
517 2551 633 2590 partes
659 2543 748 2580 duas
770 2545 860 2580 scite
890 2554 1094 2590 secantem,
1135 2547 1382 2582 consarcinare
1406 2557 1472 2581 va-

1084 2597 1114 2637 b
