1690 2918
263 145 362 193 xv1
628 118 633 128 “
848 151 1109 198 0an

262 283 484 329 ceptorum
501 302 515 330 ‚
574 293 681 336 quae
722 282 917 326 Bentleio
966 285 1089 327 rivali
1130 285 1344 330 obiecerat
1371 288 1460 341 (n)
1478 317 1493 340 ,
1530 289 1577 330 in

262 345 547 401 quadrigentis
585 349 679 403 plus
715 349 817 391 locis
857 352 938 393 illis
978 353 1070 395 fere
1103 355 1296 397 omnibus
1332 364 1494 397 textum
1504 347 1576 397 'ex

261 423 456 470 gutture,
497 425 542 458 et
577 432 680 463 aure
721 433 818 471 sua,
859 422 1060 473 arbitrio,
1100 433 1228 480 atque
1257 425 1479 479 impotenti
1506 439 1576 465 au·

262 483 377 524 dacia
411 482 651 537 refinxis8e3
707 489 836 530 verba
866 505 975 532 nova
1005 493 1190 544 ratione,
1243 508 1292 535 ac
1320 494 1445 551 genio
1477 507 1577 535 con-

262 549 495 602 cinnando,
545 560 588 593 et
627 556 777 609 passim
817 561 1158 615 transponendo;
1221 562 1278 603 ita
1324 570 1371 603 ut
1415 571 1577 605 textum

260 633 346 660 non
381 622 658 665 Hor-arianum
694 624 883 676 dederit,
935 628 1008 670 sed
1045 644 1165 671 suum
1205 630 1443 686 legentibus
1476 645 1578 687 pro·
1622 674 1638 679 ,

260 689 480 744 pinaverit.
549 693 594 732 In
623 692 702 735 bos
735 703 823 736 tres
852 694 947 738 bilis
972 698 1107 739 hilum
1139 697 1361 745 effundere
1389 713 1577 742 necessa-

261 759 372 800 rium
411 758 536 812 duxi,
579 770 626 802 ut
654 763 935 818 coryphaeos:
979 774 1144 808 ceteros
1178 767 1336 820 sileb03
1375 767 1576 809 iudicium

261 829 373 869 enim
410 830 647 886 singulare,
697 832 811 888 quod
840 834 1126 889 longissimum
1160 833 1297 889 forets,
1341 835 1395 875 de
1425 849 1576 876 eorum

260 898 422 940 meritis
458 898 680 941 instituere
714 902 874 943 animus
911 917 997 943 non
1028 912 1102 944 est.
1159 905 1325 944 Eorum
1355 903 1576 957 opiniones

259 965 467 1019 sufficiat,
516 967 587 1010 vel
615 968 832 1024 adoptasse
850 1000 862 1022 ,
912 971 979 1012 vel
1008 971 1144 1013 libere
1173 972 1370 1014 reiecisse
1399 973 1484 1013 suis
1514 970 1576 1013 lo-'

259 1037 331 1078 cis.
389 1037 456 1079 Ab
487 1038 633 1079 eadem
664 1052 768 1080 vero
798 1039 1040 1096 corrigendi
1068 1040 1236 1082 licentia
1264 1040 1465 1097 religiose
1493 1053 1576 1096 ego

257 1120 428 1147 manum
466 1106 685 1148 continui:
752 1107 902 1148 nullibi
938 1106 1031 1148 fere
1071 1107 1189 1149 datus
1227 1108 1398 1164 ingenio
1435 1108 1576 1161 locus,

257 1173 328 1216 vel
383 1174 676 1229 coniecturae;
725 1183 993 1233 quamquam'
1023 1176 1211 1233 aliquae,
1263 1187 1427 1219 mature
1473 1192 1574 1233 per-

258 1255 437 1298 pensae,
485 1244 794 1300 quodammodo
846 1242 990 1286 fucum
1036 1243 1204 1296 facere,
1267 1253 1310 1286 et
1364 1260 1576 1287 assensum

258 1314 493 1368 potuissent
522 1323 794 1371 extorquere.
854 1314 911 1355 At
940 1326 1047 1371 quae
1084 1327 1219 1354 novae
1250 1312 1480 1366 lectiones,
1521 1314 1575 1355 ad

258 1383 486 1424 severioris
523 1383 692 1424 critices
727 1381 894 1440 regulas
937 1389 1131 1431 exactae,
1178 1381 1249 1423 vel
1289 1389 1454 1432 certae,
1505 1383 1576 1424 vel

258 1451 561 1505 elegantiores,
596 1457 668 1491 aut
697 1450 848 1500 menti,
881 1458 924 1491 et
959 1449 1102 1491 verbis
1133 1450 1293 1492 Poetae
1325 1451 1576 1506 propriores

259 1519 372 1572 visae
401 1525 498 1558 sunt
508 1532 522 1570 3
558 1518 647 1558 illas
676 1520 720 1558 in
751 1526 914 1559 textum
944 1519 1136 1572 recipere
1159 1533 1245 1559 non
1275 1519 1484 1563 dubitavi:
1525 1536 1575 1563 ea

258 1601 356 1629 usus
391 1587 665 1640 auctoritate,
708 1601 790 1643 qua
820 1586 972 1639 ceteri,
1023 1586 1097 1642 qui
1136 1600 1213 1628 nos
1255 1595 1449 1643 tempore
1487 1597 1576 1631 tan-

257 1663 370 1706 tum,
424 1669 511 1697 non
550 1655 669 1707 iure,
716 1663 789 1697 aut
807 1657 1013 1708 mationa,
1065 1664 1138 1697 aut
1174 1657 1418 1699 notionibus
1450 1660 1574 1714 prae,-

257 1731 494 1764 verterunt.

242 1788 244 1790 ’
373 1791 419 1830 In
465 1789 581 1832 hisce
623 1790 816 1831 omnibus
859 1791 967 1843 rite,
1018 1801 1223 1850 recteque
1269 1795 1572 1838 constituendis

257 1856 316 1899 ita
350 1865 539 1899 versatus
574 1871 690 1909 sum,
730 1866 799 1910 ut,
844 1874 926 1915 qua
968 1859 1070 1903 data.
1087 1863 1301 1916 occasio,
1329 1866 1485 1919 verba,
1527 1877 1572 1910 et

257 1933 504 1967 contextum
541 1925 727 1977 directe,
769 1936 840 1968 aut
881 1928 1087 1971 indirecte
1127 1932 1405 1989 illustrarem3
1441 1937 1571 1980 adno-

257 1995 361 2036 tatio
399 2008 593 2051 quaeque
629 1995 774 2049 paullo
813 1996 1044 2051 prolixior,
1091 2014 1174 2053 pro
1209 2001 1320 2044 iusto
1358 2018 1571 2047 commen-

258 2066 367 2106 tario
404 2064 554 2106 haberi
588 2073 741 2120 posset.
808 2069 846 2106 A
873 2067 1188 2119 communibus,
1237 2072 1569 2131 vulgaribusque

258 2132 565 2174 eruditionibus
615 2133 900 2188 cumulandis3
952 2143 995 2175 et
1040 2151 1064 2176 a
1112 2139 1447 2193 quaestionibus,
1498 2144 1572 2185 vel

257 2214 408 2255 parum
439 2214 464 2240 a
499 2201 721 2255 proposito
759 2201 1078 2254 recedentibus,
1113 2203 1383 2258 refricandis,
1420 2209 1567 2251 sedulo

257 2267 457 2309 abstinui.
487 2281 596 2324 quae
623 2267 675 2317 ab
699 2268 788 2309 aliis
816 2269 899 2310 iam
923 2281 1138 2323 emuncta,
1168 2282 1212 2314 et
1239 2276 1417 2338 probata
1444 2288 1566 2332 sunt,

257 2337 492 2391 laudand03
541 2346 589 2380 ut
629 2338 744 2393 apud
784 2339 878 2380 illos
922 2340 1085 2394 requiri
1128 2343 1290 2396 possint
1333 2350 1565 2400 momenta,

329 2511 405 2559 (u)
445 2512 536 2548 Luc.
562 2513 622 2548 cit.
