1690 2918
188 130 267 172 100
697 131 1017 177 Canmxwum

191 239 278 301 Qui
302 236 482 297 perfidis
511 253 557 280 se
586 236 775 286 credidit
804 236 1024 288 hostibu53

187 321 243 363 Et
271 319 414 362 Marte
441 320 604 361 Poenos
633 328 828 376 proteret
856 317 994 360 altero
1011 346 1025 368 ,

245 398 329 458 Qui
357 396 451 438 lora
479 397 706 451 restrictis,
721 395 897 442 lacertis

301 477 442 518 Sensit
468 480 585 519 iners
604 507 617 528 ‚
647 477 880 533 timuitque
908 487 1104 519 mortem.

189 556 296 610 nic,
325 553 442 597 unde
472 556 604 596 vitam
632 565 849 606 sumeret,
879 555 1069 606 inscius,

190 637 344 679 Pacem
375 635 524 679 duello
549 636 724 679 miscuit
735 650 751 676 -ε
780 651 806 677 o
833 633 1006 692 pudor!

247 719 284 758 0
311 732 463 774 magna
492 717 701 773 Carthago
720 745 733 768 ,
762 713 985 774 probrosis

300 794 452 836 Altior
478 794 631 835 Italiae
659 791 826 836 ruinis!

144 887 154 903 ι
177 871 348 913 'fertur
373 868 560 928 pudicae
589 871 783 925 coniugis
812 869 1035 920 osculum,
1100 890 1108 902 -

191 949 436 1007 Parvosque
467 961 617 1001 natos,
645 960 695 994 ut
723 932 880 1007 capitis
908 950 1080 1001 minor,

245 1030 318 1073 Ab
349 1046 393 1072 se
421 1015 688 1083 removisse;
719 1041 763 1073 et
790 1030 965 1072 virilem

302 1113 465 1152 Torvus
495 1110 616 1152 humi
643 1110 840 1166 posuisse
869 1108 1060 1150 vultum:

195 1192 349 1231 Donec
379 1189 578 1232 labantes
606 1189 791 1231 consilio
819 1189 970 1230 Patres

196 1268 410 1316 Firmaret
436 1278 585 1309 auctor
612 1280 844 1323 numquam
873 1266 980 1307 alias
1010 1265 1143 1315 dat03

251 1347 455 1402 Interque
484 1343 735 1387 maerentes
755 1345 914 1387 amicos

303 1422 511 1477 Egregius
537 1432 797 1479 properaret
823 1421 961 1463 exsul.

116 1559 129 1564 -
197 1501 337 1559 Atqui
364 1502 554 1553 sciebat,
582 1517 695 1559 quae
724 1501 810 1544 sibi
835 1500 1044 1555 barbarus

200 1586 356 1625 Tortor
382 1594 591 1640 pararet:
620 1598 707 1626 non
736 1582 865 1624 aliter
895 1592 1038 1623 tamen

252 1659 448 1702 Dimovit
476 1659 649 1701 obstant
658 1676 702 1701 es
731 1660 999 1717 propinquos
1011 1678 1029 1709 ς

308 1741 363 1781 Et
390 1740 603 1797 populum
630 1739 798 1782 reditus
825 1748 1063 1779 morantem
1078 1751 1090 1786 ;

203 1820 341 1879 Quam
368 1820 407 1860 si
432 1818 643 1861 clientum
671 1819 796 1874 longa
825 1818 994 1874 negotia
1010 1846 1024 1867 ,

200 1878 455 1941 Diiudiczsta
482 1899 561 1941 lite
578 1928 592 1950 ,
621 1899 895 1956 relinqfleret
910 1927 924 1948 ,

258 1977 457 2019 Tendens
484 1979 749 2020 Venafranos
777 1978 824 2017 in
851 1990 1000 2030 agros,

310 2058 401 2099 Aut
429 2056 816 2100 Lacedaemonium
839 2058 1084 2097 Tarentum.

1441 395 1494 436 35

1448 788 1502 831 40

1458 1974 1481 2014 CF!

1510 2068 1514 2070 ,
1485 1974 1509 2014 (ἡ

270 2211 312 2248 37
348 2212 483 2259 aptius
509 2213 581 2248 An.
606 2213 653 2247 A.
671 2239 683 2257 ,
720 2207 835 2258 aliqui
863 2210 920 2245 alii
945 2221 1039 2246 mss.
1069 2209 1167 2256 apu'd
1195 2209 1319 2246 Bentl.
1345 2214 1384 2245 et
1414 2210 1509 2248 Iani.

208 2271 415 2318 modom:
446 2277 621 2309 mortem
649 2273 756 2317 Hic,
789 2269 894 2306 unde
925 2276 996 2305 etc.
1031 2270 1113 2306 sine
1148 2269 1388 2306 distinetione
1423 2274 1509 2317 post

205 2335 391 2368 mortem.
405 2331 421 2377 ]
