<?xml version="1.0" encoding="UTF-8"?>
<!DOCTYPE html PUBLIC "-//W3C//DTD XHTML 1.0 Transitional//EN"
    "http://www.w3.org/TR/xhtml1/DTD/xhtml1-transitional.dtd">
<html xmlns="http://www.w3.org/1999/xhtml" xml:lang="en" lang="en">
 <head>
  <title>
</title>
<meta http-equiv="Content-Type" content="text/html;charset=utf-8" />
  <meta name='ocr-system' content='tesseract 3.04.00' />
  <meta name='ocr-capabilities' content='ocr_page ocr_carea ocr_par ocr_line ocrx_word'/>
</head>
<body>
  <div class='ocr_page' id='page_1' title='image "./operahorat01horauoft_0031.png"; bbox 0 0 1690 2918; ppageno 0'>
   <div class='ocr_carea' id='block_1_1' title="bbox 627 169 1456 208">
    <p class='ocr_par' dir='ltr' id='par_1_1' title="bbox 627 169 1456 208">
     <span class='ocr_line' id='line_1_1' title="bbox 627 169 1456 208; baseline -0.004 -1"><span class='ocrx_word' id='word_1_1' title='bbox 627 174 969 208; x_wconf 64' lang='lat' dir='ltr'><strong>Bonommu.</strong></span> <span class='ocrx_word' id='word_1_2' title='bbox 1331 169 1456 205; x_wconf 86' lang='lat' dir='ltr'><strong>XXIX</strong></span> 
     </span>
    </p>
   </div>
   <div class='ocr_carea' id='block_1_2' title="bbox 147 276 1492 2569">
    <p class='ocr_par' dir='ltr' id='par_1_2' title="bbox 147 276 1459 695">
     <span class='ocr_line' id='line_1_2' title="bbox 148 276 1457 328; baseline -0.006 0"><span class='ocrx_word' id='word_1_3' title='bbox 148 301 273 328; x_wconf 79' lang='lat' dir='ltr'><strong>seura</strong></span> <span class='ocrx_word' id='word_1_4' title='bbox 310 298 411 326; x_wconf 85' lang='lat' dir='ltr'><strong>sane</strong></span> <span class='ocrx_word' id='word_1_5' title='bbox 449 282 544 323; x_wconf 85' lang='lat' dir='ltr'><strong>loca</strong></span> <span class='ocrx_word' id='word_1_6' title='bbox 581 281 876 328; x_wconf 79' lang='lat' dir='ltr'><strong>illustrarunt,</strong></span> <span class='ocrx_word' id='word_1_7' title='bbox 917 279 991 320; x_wconf 86' lang='lat' dir='ltr'><strong>alii</strong></span> <span class='ocrx_word' id='word_1_8' title='bbox 1022 279 1094 321; x_wconf 86' lang='lat' dir='ltr'><strong>vel</strong></span> <span class='ocrx_word' id='word_1_9' title='bbox 1129 276 1344 327; x_wconf 78' lang='lat' dir='ltr'><strong>tenebris,</strong></span> <span class='ocrx_word' id='word_1_10' title='bbox 1385 279 1457 320; x_wconf 78' lang='lat' dir='ltr'><strong>vel</strong></span> 
     </span>
     <span class='ocr_line' id='line_1_3' title="bbox 148 367 1459 431; baseline -0.007 -15"><span class='ocrx_word' id='word_1_11' title='bbox 148 377 236 431; x_wconf 88' lang='lat' dir='ltr'><strong>ipsi</strong></span> <span class='ocrx_word' id='word_1_12' title='bbox 262 377 391 416; x_wconf 84' lang='lat' dir='ltr'><strong>etiam</strong></span> <span class='ocrx_word' id='word_1_13' title='bbox 428 373 516 414; x_wconf 91' lang='lat' dir='ltr'><strong>luci</strong></span> <span class='ocrx_word' id='word_1_14' title='bbox 558 371 870 413; x_wconf 80' lang='lat' dir='ltr'><strong>obscuritatem</strong></span> <span class='ocrx_word' id='word_1_15' title='bbox 901 368 1192 417; x_wconf 57' lang='lat' dir='ltr'><strong>addidet-unu</strong></span> <span class='ocrx_word' id='word_1_16' title='bbox 1236 367 1459 423; x_wconf 82' lang='lat' dir='ltr'><strong>oportuit,</strong></span> 
     </span>
     <span class='ocr_line' id='line_1_4' title="bbox 147 457 1459 514; baseline -0.007 -9"><span class='ocrx_word' id='word_1_17' title='bbox 147 473 196 505; x_wconf 87' lang='lat' dir='ltr'><strong>ut</strong></span> <span class='ocrx_word' id='word_1_18' title='bbox 223 471 290 504; x_wconf 86' lang='lat' dir='ltr'><strong>tot</strong></span> <span class='ocrx_word' id='word_1_19' title='bbox 331 462 668 508; x_wconf 86' lang='lat' dir='ltr'><strong>sententiarum,</strong></span> <span class='ocrx_word' id='word_1_20' title='bbox 710 466 756 498; x_wconf 83' lang='lat' dir='ltr'><strong>et</strong></span> <span class='ocrx_word' id='word_1_21' title='bbox 795 457 1065 500; x_wconf 84' lang='lat' dir='ltr'><strong>iudiciorum</strong></span> <span class='ocrx_word' id='word_1_22' title='bbox 1102 458 1231 514; x_wconf 86' lang='lat' dir='ltr'><strong>copia</strong></span> <span class='ocrx_word' id='word_1_23' title='bbox 1262 457 1459 512; x_wconf 88' lang='lat' dir='ltr'><strong>inopiam</strong></span> 
     </span>
     <span class='ocr_line' id='line_1_5' title="bbox 151 535 1459 609; baseline -0.005 -16"><span class='ocrx_word' id='word_1_24' title='bbox 151 535 482 609; x_wconf 85' lang='lat' dir='ltr'><strong>quodammodo</strong></span> <span class='ocrx_word' id='word_1_25' title='bbox 517 549 709 598; x_wconf 84' lang='lat' dir='ltr'><strong>faceret,</strong></span> <span class='ocrx_word' id='word_1_26' title='bbox 750 546 967 603; x_wconf 83' lang='lat' dir='ltr'>nobisque</span> <span class='ocrx_word' id='word_1_27' title='bbox 1000 547 1113 588; x_wconf 84' lang='lat' dir='ltr'><strong>hanc</strong></span> <span class='ocrx_word' id='word_1_28' title='bbox 1144 547 1322 588; x_wconf 87' lang='lat' dir='ltr'><strong>demum</strong></span> <span class='ocrx_word' id='word_1_29' title='bbox 1351 560 1459 602; x_wconf 90' lang='lat' dir='ltr'><strong>pro-</strong></span> 
     </span>
     <span class='ocr_line' id='line_1_6' title="bbox 148 620 1460 695; baseline -0.005 -13"><span class='ocrx_word' id='word_1_30' title='bbox 148 642 338 682; x_wconf 84' lang='lat' dir='ltr'><strong>vinciam</strong></span> <span class='ocrx_word' id='word_1_31' title='bbox 374 636 735 695; x_wconf 74' lang='lat' dir='ltr'><strong>aggredientibus</strong></span> <span class='ocrx_word' id='word_1_32' title='bbox 767 636 907 678; x_wconf 87' lang='lat' dir='ltr'><strong>maius</strong></span> <span class='ocrx_word' id='word_1_33' title='bbox 946 638 1175 693; x_wconf 82' lang='lat' dir='ltr'><strong>negotium</strong></span> <span class='ocrx_word' id='word_1_34' title='bbox 1211 620 1460 677; x_wconf 85' lang='lat' dir='ltr'><strong>exhiberet.</strong></span> 
     </span>
    </p>

    <p class='ocr_par' dir='ltr' id='par_1_3' title="bbox 151 726 1492 2569">
     <span class='ocr_line' id='line_1_7' title="bbox 153 726 1462 775; baseline -0.006 -4"><span class='ocrx_word' id='word_1_35' title='bbox 153 731 284 771; x_wconf 87' lang='lat' dir='ltr'><strong>Certe</strong></span> <span class='ocrx_word' id='word_1_36' title='bbox 309 744 401 770; x_wconf 86' lang='lat' dir='ltr'><strong>non</strong></span> <span class='ocrx_word' id='word_1_37' title='bbox 423 729 482 768; x_wconf 90' lang='lat' dir='ltr'><strong>ita</strong></span> <span class='ocrx_word' id='word_1_38' title='bbox 502 741 573 767; x_wconf 88' lang='lat' dir='ltr'><strong>me</strong></span> <span class='ocrx_word' id='word_1_39' title='bbox 591 739 688 766; x_wconf 88' lang='lat' dir='ltr'><strong>amo</strong></span> <span class='ocrx_word' id='word_1_40' title='bbox 703 753 717 775; x_wconf 93' lang='lat'>‚</span> <span class='ocrx_word' id='word_1_41' title='bbox 750 734 799 766; x_wconf 88' lang='lat' dir='ltr'><strong>ut</strong></span> <span class='ocrx_word' id='word_1_42' title='bbox 819 726 987 770; x_wconf 86' lang='lat' dir='ltr'><strong>cunctis</strong></span> <span class='ocrx_word' id='word_1_43' title='bbox 1009 726 1167 767; x_wconf 90' lang='lat' dir='ltr'><strong>harum</strong></span> <span class='ocrx_word' id='word_1_44' title='bbox 1194 739 1346 765; x_wconf 86' lang='lat' dir='ltr'><strong>rerum</strong></span> <span class='ocrx_word' id='word_1_45' title='bbox 1371 733 1462 764; x_wconf 88' lang='lat' dir='ltr'><strong>stu-</strong></span> 
     </span>
     <span class='ocr_line' id='line_1_8' title="bbox 151 811 1461 873; baseline -0.005 -14"><span class='ocrx_word' id='word_1_46' title='bbox 151 818 290 860; x_wconf 91' lang='lat' dir='ltr'><strong>diosis</strong></span> <span class='ocrx_word' id='word_1_47' title='bbox 317 816 590 873; x_wconf 81' lang='lat' dir='ltr'><strong>diligentiam</strong></span> <span class='ocrx_word' id='word_1_48' title='bbox 607 831 746 857; x_wconf 88' lang='lat' dir='ltr'><strong>meam</strong></span> <span class='ocrx_word' id='word_1_49' title='bbox 768 814 964 872; x_wconf 85' lang='lat' dir='ltr'><strong>probare</strong></span> <span class='ocrx_word' id='word_1_50' title='bbox 986 830 1059 856; x_wconf 90' lang='lat' dir='ltr'><strong>me</strong></span> <span class='ocrx_word' id='word_1_51' title='bbox 1078 828 1207 871; x_wconf 84' lang='lat' dir='ltr'><strong>posse</strong></span> <span class='ocrx_word' id='word_1_52' title='bbox 1229 811 1461 856; x_wconf 86' lang='lat' dir='ltr'><strong>confidam.</strong></span> 
     </span>
     <span class='ocr_line' id='line_1_9' title="bbox 155 900 1467 962; baseline -0.005 -13"><span class='ocrx_word' id='word_1_53' title='bbox 155 909 348 957; x_wconf 88' lang='lat' dir='ltr'><strong>Verum,</strong></span> <span class='ocrx_word' id='word_1_54' title='bbox 385 922 518 962; x_wconf 88' lang='lat' dir='ltr'><strong>quum</strong></span> <span class='ocrx_word' id='word_1_55' title='bbox 540 906 589 946; x_wconf 90' lang='lat' dir='ltr'><strong>hi</strong></span> <span class='ocrx_word' id='word_1_56' title='bbox 613 906 728 947; x_wconf 77' lang='lat' dir='ltr'><strong>nihil</strong></span> <span class='ocrx_word' id='word_1_57' title='bbox 746 905 937 947; x_wconf 86' lang='lat' dir='ltr'><strong>libenter</strong></span> <span class='ocrx_word' id='word_1_58' title='bbox 958 905 1182 960; x_wconf 70' lang='lat' dir='ltr'><strong>excipiant</strong></span> <span class='ocrx_word' id='word_1_59' title='bbox 1198 932 1213 953; x_wconf 92' lang='lat'><strong>,</strong></span> <span class='ocrx_word' id='word_1_60' title='bbox 1242 903 1328 944; x_wconf 80' lang='lat' dir='ltr'><strong>nisi</strong></span> <span class='ocrx_word' id='word_1_61' title='bbox 1343 900 1467 958; x_wconf 84' lang='lat' dir='ltr'><strong>quod</strong></span> 
     </span>
     <span class='ocr_line' id='line_1_10' title="bbox 154 980 1465 1050; baseline -0.003 -13"><span class='ocrx_word' id='word_1_62' title='bbox 154 980 179 1036; x_wconf 83' lang='lat' dir='ltr'><strong>a</strong></span> <span class='ocrx_word' id='word_1_63' title='bbox 208 995 434 1037; x_wconf 87' lang='lat' dir='ltr'><strong>veteribus</strong></span> <span class='ocrx_word' id='word_1_64' title='bbox 456 995 725 1037; x_wconf 85' lang='lat' dir='ltr'><strong>membranis</strong></span> <span class='ocrx_word' id='word_1_65' title='bbox 744 993 997 1050; x_wconf 84' lang='lat' dir='ltr'><strong>profectum</strong></span> <span class='ocrx_word' id='word_1_66' title='bbox 1023 993 1102 1042; x_wconf 88' lang='lat' dir='ltr'><strong>sit,</strong></span> <span class='ocrx_word' id='word_1_67' title='bbox 1140 993 1208 1033; x_wconf 88' lang='lat' dir='ltr'><strong>illi</strong></span> <span class='ocrx_word' id='word_1_68' title='bbox 1242 993 1465 1034; x_wconf 86' lang='lat' dir='ltr'><strong>coniectu-</strong></span> 
     </span>
     <span class='ocr_line' id='line_1_11' title="bbox 155 1081 1467 1144; baseline -0.002 -18"><span class='ocrx_word' id='word_1_69' title='bbox 155 1099 229 1126; x_wconf 88' lang='lat' dir='ltr'><strong>ras</strong></span> <span class='ocrx_word' id='word_1_70' title='bbox 265 1093 430 1127; x_wconf 87' lang='lat' dir='ltr'><strong>tantum</strong></span> <span class='ocrx_word' id='word_1_71' title='bbox 462 1098 643 1125; x_wconf 87' lang='lat' dir='ltr'><strong>movere</strong></span> <span class='ocrx_word' id='word_1_72' title='bbox 684 1083 885 1139; x_wconf 89' lang='lat' dir='ltr'><strong>cupiant,</strong></span> <span class='ocrx_word' id='word_1_73' title='bbox 923 1082 1194 1144; x_wconf 78' lang='lat' dir='ltr'><strong>ingenioque</strong></span> <span class='ocrx_word' id='word_1_74' title='bbox 1226 1081 1341 1123; x_wconf 88' lang='lat' dir='ltr'><strong>nihil</strong></span> <span class='ocrx_word' id='word_1_75' title='bbox 1375 1096 1467 1124; x_wconf 84' lang='lat' dir='ltr'><strong>uon</strong></span> 
     </span>
     <span class='ocr_line' id='line_1_12' title="bbox 156 1169 1469 1229; baseline -0.001 -16"><span class='ocrx_word' id='word_1_76' title='bbox 156 1171 374 1229; x_wconf 81' lang='lat' dir='ltr'><strong>adrogent</strong></span> <span class='ocrx_word' id='word_1_77' title='bbox 402 1187 505 1224; x_wconf 85' lang='lat' dir='ltr'><strong>suo3</strong></span> <span class='ocrx_word' id='word_1_78' title='bbox 536 1174 585 1215; x_wconf 86' lang='lat' dir='ltr'><strong>fit</strong></span> <span class='ocrx_word' id='word_1_79' title='bbox 609 1173 751 1214; x_wconf 88' lang='lat' dir='ltr'><strong>statim</strong></span> <span class='ocrx_word' id='word_1_80' title='bbox 768 1182 816 1214; x_wconf 88' lang='lat' dir='ltr'><strong>ut</strong></span> <span class='ocrx_word' id='word_1_81' title='bbox 831 1169 1111 1221; x_wconf 87' lang='lat' dir='ltr'><strong>eruditorum</strong></span> <span class='ocrx_word' id='word_1_82' title='bbox 1133 1186 1286 1213; x_wconf 88' lang='lat' dir='ltr'><strong>manus</strong></span> <span class='ocrx_word' id='word_1_83' title='bbox 1300 1173 1347 1213; x_wconf 89' lang='lat' dir='ltr'><strong>in</strong></span> <span class='ocrx_word' id='word_1_84' title='bbox 1360 1170 1469 1213; x_wconf 85' lang='lat' dir='ltr'><strong>duas</strong></span> 
     </span>
     <span class='ocr_line' id='line_1_13' title="bbox 157 1238 1470 1323; baseline 0 -21"><span class='ocrx_word' id='word_1_85' title='bbox 157 1262 283 1318; x_wconf 81' lang='lat' dir='ltr'><strong>quasi</strong></span> <span class='ocrx_word' id='word_1_86' title='bbox 323 1259 494 1304; x_wconf 85' lang='lat' dir='ltr'><strong>frontes</strong></span> <span class='ocrx_word' id='word_1_87' title='bbox 528 1259 730 1304; x_wconf 85' lang='lat' dir='ltr'><strong>adversas</strong></span> <span class='ocrx_word' id='word_1_88' title='bbox 765 1238 1006 1301; x_wconf 75' lang='lat' dir='ltr'><strong>dividatur.</strong></span> <span class='ocrx_word' id='word_1_89' title='bbox 1034 1259 1039 1263; x_wconf 58' lang='lat'><strong>⁴</strong></span> <span class='ocrx_word' id='word_1_90' title='bbox 1068 1260 1191 1323; x_wconf 71' lang='lat' dir='ltr'><strong>Quae</strong></span> <span class='ocrx_word' id='word_1_91' title='bbox 1237 1276 1372 1317; x_wconf 91' lang='lat' dir='ltr'><strong>quum</strong></span> <span class='ocrx_word' id='word_1_92' title='bbox 1409 1261 1470 1302; x_wconf 84' lang='lat' dir='ltr'><strong>ita</strong></span> 
     </span>
     <span class='ocr_line' id='line_1_14' title="bbox 156 1348 1474 1408; baseline -0.002 -16"><span class='ocrx_word' id='word_1_93' title='bbox 156 1352 267 1402; x_wconf 86' lang='lat' dir='ltr'><strong>sint,</strong></span> <span class='ocrx_word' id='word_1_94' title='bbox 311 1352 525 1408; x_wconf 84' lang='lat' dir='ltr'><strong>optimum</strong></span> <span class='ocrx_word' id='word_1_95' title='bbox 565 1351 676 1392; x_wconf 81' lang='lat' dir='ltr'><strong>mihi</strong></span> <span class='ocrx_word' id='word_1_96' title='bbox 709 1350 849 1392; x_wconf 85' lang='lat' dir='ltr'><strong>visum</strong></span> <span class='ocrx_word' id='word_1_97' title='bbox 895 1358 960 1392; x_wconf 88' lang='lat' dir='ltr'><strong>est</strong></span> <span class='ocrx_word' id='word_1_98' title='bbox 998 1348 1150 1398; x_wconf 83' lang='lat' dir='ltr'><strong>factu,</strong></span> <span class='ocrx_word' id='word_1_99' title='bbox 1184 1350 1222 1389; x_wconf 91' lang='lat' dir='ltr'><strong>si</strong></span> <span class='ocrx_word' id='word_1_100' title='bbox 1253 1364 1309 1391; x_wconf 88' lang='lat' dir='ltr'><strong>ne</strong></span> <span class='ocrx_word' id='word_1_101' title='bbox 1338 1349 1474 1391; x_wconf 86' lang='lat' dir='ltr'><strong>latum</strong></span> 
     </span>
     <span class='ocr_line' id='line_1_15' title="bbox 164 1418 1474 1497; baseline -0.002 -15"><span class='ocrx_word' id='word_1_102' title='bbox 164 1439 347 1496; x_wconf 88' lang='lat' dir='ltr'><strong>quidem</strong></span> <span class='ocrx_word' id='word_1_103' title='bbox 374 1456 565 1497; x_wconf 84' lang='lat' dir='ltr'><strong>unguem</strong></span> <span class='ocrx_word' id='word_1_104' title='bbox 590 1455 615 1481; x_wconf 89' lang='lat' dir='ltr'><strong>a</strong></span> <span class='ocrx_word' id='word_1_105' title='bbox 648 1418 903 1482; x_wconf 87' lang='lat' dir='ltr'><strong>testimonio</strong></span> <span class='ocrx_word' id='word_1_106' title='bbox 933 1420 1156 1480; x_wconf 80' lang='lat' dir='ltr'><strong>librorum</strong></span> <span class='ocrx_word' id='word_1_107' title='bbox 1188 1437 1474 1490; x_wconf 88' lang='lat' dir='ltr'><strong>recederem,</strong></span> 
     </span>
     <span class='ocr_line' id='line_1_16' title="bbox 161 1529 1477 1587; baseline -0.004 -14"><span class='ocrx_word' id='word_1_108' title='bbox 161 1547 295 1587; x_wconf 82' lang='lat' dir='ltr'><strong>quum</strong></span> <span class='ocrx_word' id='word_1_109' title='bbox 318 1546 400 1587; x_wconf 88' lang='lat' dir='ltr'><strong>per</strong></span> <span class='ocrx_word' id='word_1_110' title='bbox 417 1545 590 1573; x_wconf 89' lang='lat' dir='ltr'><strong>sensum</strong></span> <span class='ocrx_word' id='word_1_111' title='bbox 613 1530 715 1570; x_wconf 85' lang='lat' dir='ltr'><strong>satis</strong></span> <span class='ocrx_word' id='word_1_112' title='bbox 736 1530 916 1585; x_wconf 85' lang='lat' dir='ltr'><strong>planum</strong></span> <span class='ocrx_word' id='word_1_113' title='bbox 940 1529 1162 1578; x_wconf 85' lang='lat' dir='ltr'><strong>licuisset;</strong></span> <span class='ocrx_word' id='word_1_114' title='bbox 1191 1543 1336 1583; x_wconf 88' lang='lat' dir='ltr'><strong>neque</strong></span> <span class='ocrx_word' id='word_1_115' title='bbox 1369 1540 1477 1569; x_wconf 87' lang='lat' dir='ltr'><strong>con-</strong></span> 
     </span>
     <span class='ocr_line' id='line_1_17' title="bbox 162 1600 1477 1674; baseline -0.002 -14"><span class='ocrx_word' id='word_1_116' title='bbox 162 1619 344 1662; x_wconf 86' lang='lat' dir='ltr'><strong>iecturis</strong></span> <span class='ocrx_word' id='word_1_117' title='bbox 368 1619 466 1661; x_wconf 85' lang='lat' dir='ltr'><strong>fere</strong></span> <span class='ocrx_word' id='word_1_118' title='bbox 486 1628 661 1669; x_wconf 87' lang='lat' dir='ltr'><strong>uterer,</strong></span> <span class='ocrx_word' id='word_1_119' title='bbox 697 1632 809 1674; x_wconf 87' lang='lat' dir='ltr'><strong>quae</strong></span> <span class='ocrx_word' id='word_1_120' title='bbox 834 1618 1033 1661; x_wconf 80' lang='lat' dir='ltr'><strong>omnium</strong></span> <span class='ocrx_word' id='word_1_121' title='bbox 1068 1600 1247 1659; x_wconf 86' lang='lat' dir='ltr'><strong>omnino</strong></span> <span class='ocrx_word' id='word_1_122' title='bbox 1273 1615 1477 1658; x_wconf 89' lang='lat' dir='ltr'><strong>codicum</strong></span> 
     </span>
     <span class='ocr_line' id='line_1_18' title="bbox 162 1688 1481 1765; baseline -0.002 -15"><span class='ocrx_word' id='word_1_123' title='bbox 162 1707 251 1750; x_wconf 89' lang='lat' dir='ltr'><strong>fide</strong></span> <span class='ocrx_word' id='word_1_124' title='bbox 281 1708 609 1753; x_wconf 84' lang='lat' dir='ltr'><strong>desererentur.</strong></span> <span class='ocrx_word' id='word_1_125' title='bbox 665 1688 927 1765; x_wconf 27' lang='lat' dir='ltr'><strong>Antequam!</strong></span> <span class='ocrx_word' id='word_1_126' title='bbox 960 1721 1072 1763; x_wconf 79' lang='lat' dir='ltr'><strong>ergo</strong></span> <span class='ocrx_word' id='word_1_127' title='bbox 1126 1706 1259 1756; x_wconf 90' lang='lat' dir='ltr'><strong>huic,</strong></span> <span class='ocrx_word' id='word_1_128' title='bbox 1301 1707 1373 1748; x_wconf 53' lang='lat' dir='ltr'><strong>Vel</strong></span> <span class='ocrx_word' id='word_1_129' title='bbox 1412 1706 1481 1748; x_wconf 86' lang='lat' dir='ltr'><strong>illi</strong></span> 
     </span>
     <span class='ocr_line' id='line_1_19' title="bbox 167 1794 1480 1854; baseline -0.002 -15"><span class='ocrx_word' id='word_1_130' title='bbox 167 1797 350 1839; x_wconf 85' lang='lat' dir='ltr'><strong>lectioni</strong></span> <span class='ocrx_word' id='word_1_131' title='bbox 371 1796 584 1838; x_wconf 83' lang='lat' dir='ltr'><strong>calculum</strong></span> <span class='ocrx_word' id='word_1_132' title='bbox 613 1794 978 1854; x_wconf 83' lang='lat' dir='ltr'><strong>adiungeremus,</strong></span> <span class='ocrx_word' id='word_1_133' title='bbox 1008 1798 1193 1839; x_wconf 86' lang='lat' dir='ltr'><strong>multum</strong></span> <span class='ocrx_word' id='word_1_134' title='bbox 1211 1794 1376 1852; x_wconf 86' lang='lat' dir='ltr'><strong>diuque</strong></span> <span class='ocrx_word' id='word_1_135' title='bbox 1397 1811 1480 1837; x_wconf 90' lang='lat' dir='ltr'><strong>no-</strong></span> 
     </span>
     <span class='ocr_line' id='line_1_20' title="bbox 162 1870 1483 1944; baseline -0.002 -17"><span class='ocrx_word' id='word_1_136' title='bbox 162 1885 234 1927; x_wconf 83' lang='lat' dir='ltr'><strong>bis</strong></span> <span class='ocrx_word' id='word_1_137' title='bbox 257 1870 600 1928; x_wconf 88' lang='lat' dir='ltr'><strong>deliberandum</strong></span> <span class='ocrx_word' id='word_1_138' title='bbox 620 1878 728 1938; x_wconf 60' lang='lat' dir='ltr'><strong>fuitg</strong></span> <span class='ocrx_word' id='word_1_139' title='bbox 759 1885 882 1944; x_wconf 91' lang='lat' dir='ltr'><strong>quod</strong></span> <span class='ocrx_word' id='word_1_140' title='bbox 910 1897 959 1929; x_wconf 92' lang='lat' dir='ltr'><strong>ut</strong></span> <span class='ocrx_word' id='word_1_141' title='bbox 976 1901 1152 1943; x_wconf 86' lang='lat' dir='ltr'><strong>semper</strong></span> <span class='ocrx_word' id='word_1_142' title='bbox 1182 1882 1395 1934; x_wconf 90' lang='lat' dir='ltr'><strong>arduum,</strong></span> <span class='ocrx_word' id='word_1_143' title='bbox 1421 1885 1483 1926; x_wconf 88' lang='lat' dir='ltr'><strong>ita</strong></span> 
     </span>
     <span class='ocr_line' id='line_1_21' title="bbox 165 1966 1485 2033; baseline 0 -17"><span class='ocrx_word' id='word_1_144' title='bbox 165 1973 327 2016; x_wconf 82' lang='lat' dir='ltr'><strong>cecidit</strong></span> <span class='ocrx_word' id='word_1_145' title='bbox 346 1975 533 2017; x_wconf 82' lang='lat' dir='ltr'><strong>maxime</strong></span> <span class='ocrx_word' id='word_1_146' title='bbox 554 1991 578 2015; x_wconf 93' lang='lat' dir='ltr'><strong>a</strong></span> <span class='ocrx_word' id='word_1_147' title='bbox 599 1966 718 2019; x_wconf 86' lang='lat' dir='ltr'><strong>libro</strong></span> <span class='ocrx_word' id='word_1_148' title='bbox 740 1975 934 2033; x_wconf 88' lang='lat' dir='ltr'><strong>Epodon</strong></span> <span class='ocrx_word' id='word_1_149' title='bbox 953 1973 1160 2032; x_wconf 86' lang='lat' dir='ltr'><strong>usquead</strong></span> <span class='ocrx_word' id='word_1_150' title='bbox 1174 1974 1351 2015; x_wconf 84' lang='lat' dir='ltr'><strong>calcem.</strong></span> <span class='ocrx_word' id='word_1_151' title='bbox 1363 1975 1485 2016; x_wconf 90' lang='lat' dir='ltr'><strong>Mul-</strong></span> 
     </span>
     <span class='ocr_line' id='line_1_22' title="bbox 165 2063 1482 2122; baseline -0.002 -17"><span class='ocrx_word' id='word_1_152' title='bbox 165 2073 258 2105; x_wconf 88' lang='lat' dir='ltr'><strong>tum</strong></span> <span class='ocrx_word' id='word_1_153' title='bbox 286 2065 404 2106; x_wconf 90' lang='lat' dir='ltr'><strong>enim</strong></span> <span class='ocrx_word' id='word_1_154' title='bbox 425 2066 473 2106; x_wconf 83' lang='lat' dir='ltr'><strong>in</strong></span> <span class='ocrx_word' id='word_1_155' title='bbox 495 2064 580 2106; x_wconf 89' lang='lat' dir='ltr'><strong>hoc</strong></span> <span class='ocrx_word' id='word_1_156' title='bbox 606 2080 744 2122; x_wconf 86' lang='lat' dir='ltr'><strong>opere</strong></span> <span class='ocrx_word' id='word_1_157' title='bbox 761 2066 1006 2108; x_wconf 77' lang='lat' dir='ltr'><strong>sublevavit</strong></span> <span class='ocrx_word' id='word_1_158' title='bbox 1027 2080 1109 2107; x_wconf 85' lang='lat' dir='ltr'><strong>nos</strong></span> <span class='ocrx_word' id='word_1_159' title='bbox 1136 2063 1367 2119; x_wconf 82' lang='lat' dir='ltr'><strong>diligentia</strong></span> <span class='ocrx_word' id='word_1_160' title='bbox 1393 2063 1482 2103; x_wconf 84' lang='lat' dir='ltr'><strong>viri</strong></span> 
     </span>
     <span class='ocr_line' id='line_1_23' title="bbox 171 2153 1492 2211; baseline 0 -17"><span class='ocrx_word' id='word_1_161' title='bbox 171 2153 403 2194; x_wconf 87' lang='lat' dir='ltr'><strong>clarissimi</strong></span> <span class='ocrx_word' id='word_1_162' title='bbox 426 2153 668 2196; x_wconf 82' lang='lat' dir='ltr'><strong>Christiani</strong></span> <span class='ocrx_word' id='word_1_163' title='bbox 700 2154 886 2198; x_wconf 83' lang='lat' dir='ltr'><strong>Davidis</strong></span> <span class='ocrx_word' id='word_1_164' title='bbox 908 2155 1056 2206; x_wconf 58' lang='lat' dir='ltr'><strong>Jani,</strong></span> <span class='ocrx_word' id='word_1_165' title='bbox 1079 2155 1182 2211; x_wconf 88' lang='lat' dir='ltr'><strong>qui,</strong></span> <span class='ocrx_word' id='word_1_166' title='bbox 1246 2153 1353 2195; x_wconf 89' lang='lat' dir='ltr'><strong>dum</strong></span> <span class='ocrx_word' id='word_1_167' title='bbox 1384 2153 1492 2195; x_wconf 84' lang='lat' dir='ltr'><strong>Ho-</strong></span> 
     </span>
     <span class='ocr_line' id='line_1_24' title="bbox 167 2241 1484 2301; baseline -0.002 -18"><span class='ocrx_word' id='word_1_168' title='bbox 167 2242 404 2286; x_wconf 84' lang='lat' dir='ltr'><strong>RATIVM</strong></span> <span class='ocrx_word' id='word_1_169' title='bbox 430 2241 586 2285; x_wconf 88' lang='lat' dir='ltr'><strong>ederet</strong></span> <span class='ocrx_word' id='word_1_170' title='bbox 597 2245 802 2301; x_wconf 85' lang='lat' dir='ltr'><strong>Lipsiae,</strong></span> <span class='ocrx_word' id='word_1_171' title='bbox 830 2245 880 2286; x_wconf 87' lang='lat' dir='ltr'><strong>in</strong></span> <span class='ocrx_word' id='word_1_172' title='bbox 903 2244 993 2285; x_wconf 85' lang='lat' dir='ltr'><strong>ima</strong></span> <span class='ocrx_word' id='word_1_173' title='bbox 1016 2258 1279 2301; x_wconf 85' lang='lat' dir='ltr'><strong>unaquaque</strong></span> <span class='ocrx_word' id='word_1_174' title='bbox 1310 2241 1484 2299; x_wconf 85' lang='lat' dir='ltr'><strong>pagella</strong></span> 
     </span>
     <span class='ocr_line' id='line_1_25' title="bbox 170 2331 1486 2391; baseline -0.001 -20"><span class='ocrx_word' id='word_1_175' title='bbox 170 2331 314 2372; x_wconf 86' lang='lat' dir='ltr'><strong>varias</strong></span> <span class='ocrx_word' id='word_1_176' title='bbox 326 2340 545 2388; x_wconf 82' lang='lat' dir='ltr'><strong>quotquot</strong></span> <span class='ocrx_word' id='word_1_177' title='bbox 558 2342 656 2374; x_wconf 91' lang='lat' dir='ltr'><strong>sunt</strong></span> <span class='ocrx_word' id='word_1_178' title='bbox 670 2333 883 2376; x_wconf 87' lang='lat' dir='ltr'><strong>lectiones</strong></span> <span class='ocrx_word' id='word_1_179' title='bbox 900 2335 1100 2391; x_wconf 82' lang='lat' dir='ltr'><strong>aggessit.</strong></span> <span class='ocrx_word' id='word_1_180' title='bbox 1131 2335 1227 2376; x_wconf 78' lang='lat' dir='ltr'><strong>Nec</strong></span> <span class='ocrx_word' id='word_1_181' title='bbox 1242 2332 1329 2389; x_wconf 85' lang='lat' dir='ltr'><strong>ipsi</strong></span> <span class='ocrx_word' id='word_1_182' title='bbox 1339 2341 1486 2372; x_wconf 86' lang='lat' dir='ltr'><strong>tamen</strong></span> 
     </span>
     <span class='ocr_line' id='line_1_26' title="bbox 173 2419 1488 2481; baseline 0.003 -21"><span class='ocrx_word' id='word_1_183' title='bbox 173 2419 314 2462; x_wconf 87' lang='lat' dir='ltr'><strong>libros</strong></span> <span class='ocrx_word' id='word_1_184' title='bbox 362 2423 548 2478; x_wconf 86' lang='lat' dir='ltr'><strong>scriptos</strong></span> <span class='ocrx_word' id='word_1_185' title='bbox 584 2422 864 2481; x_wconf 83' lang='lat' dir='ltr'><strong>interrogare</strong></span> <span class='ocrx_word' id='word_1_186' title='bbox 904 2425 1305 2480; x_wconf 81' lang='lat' dir='ltr'><strong>praetermisimus3</strong></span> <span class='ocrx_word' id='word_1_187' title='bbox 1357 2419 1488 2476; x_wconf 70' lang='lat' dir='ltr'><strong>quin-</strong></span> 
     </span>
     <span class='ocr_line' id='line_1_27' title="bbox 171 2504 1490 2569; baseline 0.005 -21"><span class='ocrx_word' id='word_1_188' title='bbox 171 2504 269 2563; x_wconf 70' lang='lat' dir='ltr'><strong>&#39;que</strong></span> <span class='ocrx_word' id='word_1_189' title='bbox 288 2509 407 2550; x_wconf 89' lang='lat' dir='ltr'><strong>enim</strong></span> <span class='ocrx_word' id='word_1_190' title='bbox 434 2511 630 2553; x_wconf 88' lang='lat' dir='ltr'><strong>Odarum</strong></span> <span class='ocrx_word' id='word_1_191' title='bbox 651 2514 922 2569; x_wconf 85' lang='lat' dir='ltr'><strong>exemplaria</strong></span> <span class='ocrx_word' id='word_1_192' title='bbox 963 2513 1123 2557; x_wconf 88' lang='lat' dir='ltr'><strong>obtulit</strong></span> <span class='ocrx_word' id='word_1_193' title='bbox 1148 2512 1278 2554; x_wconf 82' lang='lat' dir='ltr'><strong>nobis</strong></span> <span class='ocrx_word' id='word_1_194' title='bbox 1311 2508 1490 2564; x_wconf 74' lang='lat' dir='ltr'><strong>amplis·</strong></span> 
     </span>
    </p>
   </div>
   <div class='ocr_carea' id='block_1_3' title="bbox 183 2596 1489 2656">
    <p class='ocr_par' dir='ltr' id='par_1_4' title="bbox 183 2596 1489 2656">
     <span class='ocr_line' id='line_1_28' title="bbox 183 2596 1489 2656; baseline 0 -19"><span class='ocrx_word' id='word_1_195' title='bbox 183 2599 313 2648; x_wconf 89' lang='lat' dir='ltr'><strong>sima,</strong></span> <span class='ocrx_word' id='word_1_196' title='bbox 344 2598 588 2656; x_wconf 83' lang='lat' dir='ltr'><strong>eademque</strong></span> <span class='ocrx_word' id='word_1_197' title='bbox 608 2601 845 2645; x_wconf 83' lang='lat' dir='ltr'><strong>lectissima</strong></span> <span class='ocrx_word' id='word_1_198' title='bbox 867 2604 1071 2646; x_wconf 83' lang='lat' dir='ltr'><strong>Chisiana</strong></span> <span class='ocrx_word' id='word_1_199' title='bbox 1093 2600 1386 2646; x_wconf 86' lang='lat' dir='ltr'><strong>bibliotheca;</strong></span> <span class='ocrx_word' id='word_1_200' title='bbox 1404 2596 1489 2638; x_wconf 88' lang='lat' dir='ltr'><strong>tria</strong></span> 
     </span>
    </p>
   </div>
  </div>
 </body>
</html>
